3266 4902
760 223 802 284 27

173 428 309 496 fustibus
339 429 438 508 caedi,
469 431 503 496 in
533 430 694 496 metallum
725 431 824 508 mitti,
853 430 989 514 denique
1018 430 1213 513 strangulari
1244 429 1387 496 iusserat.

174 537 221 601 De
243 536 293 601 his
315 537 413 620 igitur
436 537 604 602 sceleribus
627 537 749 602 Plinius
780 543 811 602 et
833 536 961 602 Tacitus
984 543 1129 602 senatum
1156 537 1321 603 certiorem
1344 534 1389 598 f-

175 647 297 709 eeruut.
343 643 513 707 Nonnullis
536 641 656 708 frustra
678 643 883 708 renuentibus
912 663 1008 707 causa
1035 663 1092 726 per
1123 642 1223 707 tridui
1252 641 1390 726 spatium

176 747 377 830 praesidente
399 747 537 815 Traiano
560 749 703 832 principe
725 749 759 812 in
776 755 887 813 senatu
904 753 976 814 aeta
992 755 1047 812 est.
1086 748 1129 812 Et
1143 747 1309 824 Honorati,
1333 746 1389 831 qui

174 859 318 918 mortuus
341 858 419 930 erat,
442 875 492 920 res
515 853 732 931 omittebatur,
755 853 795 919 de
817 875 854 918 eo
877 860 999 920 tantum
1015 855 1180 937 agebatur,
1204 853 1289 937 quod
1305 853 1390 918 Mar·

174 960 283 1024 cianus
306 982 326 1024 a
343 959 444 1025 Mario
461 960 576 1044 equitis
593 959 728 1026 Romani
751 981 856 1024 necem
873 960 1081 1044 septingentis
1104 959 1244 1025 millibus
1261 964 1388 1024 emerat.

173 1064 312 1130 Tandem
335 1066 499 1149 permultis
522 1066 625 1132 verbis
649 1066 808 1149 utrimque
838 1065 931 1130 iactis
960 1072 1089 1132 senatus
1119 1065 1242 1130 censuit
1271 1064 1390 1148 septin-

174 1175 269 1252 genta
292 1171 402 1248 millia,
426 1193 507 1255 quae
523 1178 686 1255 acceperat
702 1171 832 1248 Marius,
855 1171 979 1236 aerario
995 1170 1167 1246 inferenda,
1190 1170 1293 1235 Mario
1309 1169 1389 1234 urbe

174 1277 331 1359 Italiaque
361 1276 626 1354 interdicendum,
662 1276 823 1342 Marciano
858 1277 917 1342 hoo
945 1277 1081 1360 amplius
1113 1275 1229 1342 Africa.
1281 1275 1390 1341 Mitior

175 1382 333 1446 sententia
354 1382 484 1466 Pompei
504 1383 659 1466 Collegae,
682 1383 881 1468 septingenta
904 1383 1006 1448 millia
1028 1383 1151 1448 aerario
1174 1381 1337 1448 inferenda
1359 1387 1391 1446 et

175 1487 372 1553 Marcianum
395 1488 428 1553 in
452 1488 703 1572 quinquennium
729 1489 943 1572 relegandum,
974 1488 1110 1554 Marium
1139 1487 1390 1572 repetundarum

173 1614 302 1676 poenae,
325 1614 421 1677 quam
436 1594 500 1659 iam
516 1616 628 1678 passus
644 1601 734 1672 esset,
757 1594 998 1678 relinquendum
1023 1616 1099 1671 esse,
1122 1616 1186 1659 non
1201 1594 1389 1678 praevaluit.

176 1697 321 1765 Ceterum
344 1699 546 1783 relegatione,
569 1721 632 1765 non
649 1701 744 1765 exilio
760 1701 914 1765 multatus
931 1705 978 1765 est
993 1699 1140 1765 Marius.¹
1179 1701 1293 1783 ltaque
1309 1701 1391 1765 duae

175 1805 317 1870 diversae
339 1827 453 1872 causae
476 1811 582 1872 erant:
606 1814 637 1870 et
658 1805 906 1890 repetundarum
928 1812 960 1871 et
982 1805 1195 1889 corruptionis
1218 1805 1266 1869 vel
1282 1806 1389 1888 potius

175 1911 269 1976 necis.
314 1911 383 1977 Hoc
405 1918 510 1978 autem
531 1933 590 1996 pro
612 1919 697 1976 certo
714 1911 915 1976 statuendum
939 1918 994 1988 est,
1018 1911 1153 1976 Marium
1177 1910 1391 1995 quadruplum

175 2037 290 2093 eorum,
314 2017 578 2100 quae'aestimata
594 2024 677 2094 sunt,
702 2016 786 2082 Afris
802 2018 988 2094 restituisse,
1009 2023 1174 2101 praeterea
1189 2016 1390 2100 septingenta

174 2122 276 2188 millia
303 2122 336 2186 in
360 2124 517 2189 aerarium
542 2123 644 2199 illata,
674 2122 776 2207 ipsum
800 2123 973 2206 relegatum
997 2144 1064 2190 esse
1087 2144 1188 2206 neque
1210 2143 1275 2186 rem
1298 2121 1391 2188 fami-

174 2227 285 2293 liarem
308 2229 477 2294 amisisse.²
1385 2312 1388 2320 f

281 2336 349 2399 lam
371 2334 501 2412 videbis,
531 2334 660 2418 quantis
689 2333 850 2400 erroribus
880 2333 1017 2400 editores
1046 2333 1200 2400 laborent.
1247 2332 1327 2398 Nam
1352 2333 1391 2399 de

174 2441 310 2523 pecunia
332 2440 467 2524 repetita
490 2441 524 2503 in
546 2440 704 2506 aerarium
729 2439 850 2504 delata³
883 2439 1007 2504 Plinius
1035 2439 1162 2504 omnino
1194 2438 1275 2503 nihil
1304 2438 1391 2503 dicit.

176 2545 382 2630 Septingenta
404 2552 511 2611 autem
533 2545 590 2611 illa
613 2545 724 2623 millia,
751 2566 833 2629 quae
856 2544 977 2611 Marius
1000 2552 1163 2628 acceperat
1185 2567 1205 2610 a
1227 2543 1391 2610 Marciano

176 2650 259 2715 dono
283 2650 368 2728 data,
390 2652 432 2717 ad
454 2651 621 2716 Africanos
644 2659 700 2716 aut
722 2651 763 2716 ad
786 2649 1034 2734 repetundarum
1057 2671 1185 2714 causam
1214 2649 1297 2716 nihil
1320 2672 1392 2734 per·

176 2757 287 2824 tinent.
334 2755 407 2822 Una
429 2778 499 2822 cum
529 2756 736 2822 adnotatione
758 2757 956 2839 Rupertiana
982 2755 1201 2820 Heinrichiusl
1224 2756 1392 2839 exscripsit

178 2883 317 2926 errorem
339 2862 578 2940 Rupertianum.
623 2860 733 2945 Neque
755 2862 955 2946 septingenta
983 2861 1086 2926 millia
1115 2868 1189 2926 sunt
1215 2883 1317 2945 poena
1340 2884 1392 2929 re-

176 2967 413 3052 petundarum-⁵
459 2967 529 3044 Qua
551 2968 675 3034 ratione
698 2967 847 3033 Weidner
876 2967 935 3033 hoe
957 2968 1083 3035 credere
1105 2968 1252 3052 potuerit,
1276 2968 1390 3034 neseio.

283 3201 293 3230 ¹
312 3195 380 3252 Plin.
399 3213 439 3266 ep.
460 3197 503 3251 VI.
522 3198 564 3251 29.
578 3199 602 3251 9.
638 3196 774 3272 ιΑοοιιεεινί
787 3196 899 3248 Marium
912 3195 1040 3262 Priscum,
1058 3197 1103 3264 qui
1116 3197 1173 3263 lege
1189 3195 1390 3264 repetundarum

176 3283 316 3337 damnatus
335 3285 456 3338 utebatur
474 3285 610 3338 elementia
628 3285 704 3354 legis,
732 3285 806 3338 cuius
825 3284 987 3337 severitatem
1007 3283 1172 3336 immanitate
1191 3285 1327 3337 eriminum
1347 3300 1390 3336 ox·

175 3375 298 3425 cesserat:
318 3373 492 3440 relegatus
511 3366 577 3426 est'

283 3463 294 3494 ⁹
312 3461 368 3513 Hoc
386 3461 453 3514 enim
473 3461 581 3514 interest
599 3461 667 3514 inter
686 3462 873 3529 relegationem
892 3460 1052 3514 sterilium.

283 3548 379 3601 ³Male
398 3549 539 3617 Rupertius
557 3548 591 3602 ad
610 3551 636 3604 h.
659 3551 677 3603 l.
702 3551 794 3626 (inane,
820 3548 889 3617 quod
913 3565 996 3616 neque
1020 3546 1223 3616 protirrcialibus
1248 3546 1389 3615 quidquam

176 3635 283 3704 proluit,
302 3637 423 3704 quoniam
443 3638 551 3705 pecnnia
569 3639 682 3706 repetita
699 3639 763 3706 ipsis
782 3655 832 3691 non
852 3636 963 3705 reddita,
982 3637 1028 3690 sed
1046 3637 1072 3689 iu
1086 3636 1213 3689 aerarium
1227 3635 1316 3689 delata
1334 3631 1391 3690 est'

282 3727 293 3758 ⁴
312 3724 397 3778 Verba
415 3726 470 3777 eins
489 3729 552 3779 sunt
570 3727 646 3780 bace:
667 3726 775 3801 ,Marius
787 3725 893 3778 Priscus
906 3725 994 3778 warde
1006 3724 1168 3790 verurtbeilt,
1188 3723 1228 3776 die
1247 3727 1391 3790 erpressten

176 3811 341 3880 septingenta
361 3812 444 3866 millia
463 3829 496 3865 an
515 3813 562 3867 das
582 3814 718 3868 Aerarium
738 3830 771 3867 zu
790 3813 882 3867 zablen
904 3813 955 3866 und
974 3813 1068 3866 Italien
1087 3829 1120 3865 zu
1139 3806 1286 3866 variassen'

282 3899 366 3952 5Ηοο
387 3900 505 3961 Weidner
523 3904 600 3970 putat
618 3902 717 3955 dicens:
749 3902 858 3978 tldarins
876 3900 983 3954 Priscus
1001 3901 1074 3954 batte
1096 3899 1137 3952 die
1156 3899 1267 3952 Provinz
1289 3901 1391 3967 Afrika,

176 3985 223 4038 wie
241 3986 309 4039 eiust
328 3987 419 4039 Verres
443 3987 555 4058 Siciliam
579 3990 742 4057 giinzlieh
767 3983 995 4058 ausgosogen.'
1031 3988 1102 4054 Quae
1126 3988 1204 4042 verba
1227 3989 1253 4041 in
1280 3988 1392 4042 editione

175 4073 258 4126 altera
276 4073 378 4128 desunt.
416 4074 483 4128 Tum
501 4079 604 4146 pergit:
641 4079 687 4154 ⁴llr
712 4078 798 4131 wurde
825 4093 872 4130 von
897 4076 1001 4129 Plinius
1025 4076 1056 4129 de
1081 4075 1230 4144 repetundis
1249 4077 1394 4145 angeklagt

173 4160 227 4213 und
247 4176 279 4214 zu
297 4162 366 4215 einer
384 4162 471 4217 Strata
490 4181 539 4222 vou
562 4168 672 4222 700000
696 4165 763 4223 Sest.
787 4169 885 4224 eammt
908 4164 953 4220 der
975 4165 1152 4239 Verbannung
1175 4180 1223 4220 ans
1249 4165 1314 4222 Rom
1339 4164 1392 4224 und

173 4247 267 4301 Italien
285 4244 457 4316 vorutthtiffi
