3266 4902
816 204 858 267 26

733 293 943 304 ..ι-Μ...-

232 430 269 473 ea
292 416 415 488 tractet,
439 434 520 496 quae
540 434 603 477 non
620 412 701 478 vidit
716 413 825 490 solum,
848 413 903 478 sed
918 412 997 480 adeo
1013 413 1141 480 adultus
1157 414 1245 490 vidit,
1268 421 1305 479 ut
1320 414 1447 497 singula

236 514 413 608 discernere
447 524 479 584 et
511 525 595 582 recte
629 518 803 584 diiudicare
836 525 956 602 posset3
989 521 1050 584 hoe
1083 542 1179 586 unum
1209 520 1448 605 disceptatum,
1621 597 1622 606 ἵ

231 627 387 706 quatenus
411 624 623 708 exaggerandi
646 624 751 691 studio
774 647 795 691 a
817 646 889 690 vero
913 625 1062 692 discedat.
1621 611 1622 668 l

708 837 772 904 Sat.
796 837 820 902 Ι.
845 840 897 903 47.
920 859 965 921 sq.

687 1021 703 1055 ‹-
724 1020 729 1034 .
750 1019 756 1033 .
774 982 802 1032 et
819 978 862 1032 hic
880 977 1019 1032 damnatus
1037 977 1109 1032 inani

512 1065 612 1120 Iudicio
630 1066 703 1135 (quid
721 1067 788 1120 enim
808 1066 888 1120 salvis
906 1066 1016 1120 infamia
1033 1066 1148 1119 nummis
1155 1067 1179 1133 t)

512 1154 578 1206 Exul
598 1154 630 1208 ab
649 1157 741 1208 octava
759 1154 859 1208 Marius
877 1154 944 1208 bibit
962 1156 988 1207 et
1006 1154 1103 1207 fruitur
1121 1153 1162 1207 dis

510 1241 599 1296 Iratis.
636 1242 672 1295 At
690 1243 719 1295 tu
738 1243 831 1295 victrix
850 1242 982 1310 provincia
1001 1235 1111 1310 plorasl'

336 1364 442 1430 Sermo
466 1367 617 1431 hocloco
641 1374 688 1430 est
710 1366 749 1430 de
771 1364 874 1431 Mario
898 1367 1015 1440 Prisco,
1040 1367 1094 1449 qui
1116 1365 1241 1430 Africae
1264 1365 1444 1448 provinciae

229 1471 417 1553 proconsule
431 1471 620 1554 praefuerat.
659 1471 735 1536 Post
750 1471 791 1536 ab
805 1472 889 1536 Afris
905 1470 1149 1555 repetundarum
1166 1468 1236 1554 (cfr.
1251 1471 1338 1539 V111.
1358 1473 1445 1552 120.)

230 1582 396 1641 accusatus
424 1598 530 1642 mense
559 1577 708 1642 Ianuario
738 1577 814 1642 anni
843 1579 915 1642 100.
940 1577 1107 1642 damnatus
1131 1583 1185 1642 est.
1235 1575 1332 1641 Cuius
1356 1575 1444 1640 dam-

230 1680 369 1746 nationis
393 1683 440 1747 vis
463 1704 526 1747 uon
549 1683 628 1748 satis
651 1683 733 1748 inter
756 1683 840 1747 viros
864 1683 972 1748 doctos
988 1687 1130 1758 coustat3
1153 1682 1236 1747 alius
1252 1683 1334 1746 enim
1351 1680 1444 1746 aliter

229 1786 268 1850 de
291 1809 328 1852 ea
350 1809 385 1852 re
407 1787 536 1855 iudicat.
581 1789 740 1872 Imprimis
756 1794 861 1853 autem
878 1787 958 1852 illud
975 1788 1081 1886 tsalvis
1097 1775 1243 1852 uumnris'
1260 1787 1293 1850 in
1310 1787 1443 1852 obscuro

230 1899 285 1958 est.
332 1893 482 1958 Hausisse
504 1915 537 1958 se
560 1914 665 1959 omnes
681 1893 870 1960 confitentur
891 1915 928 1958 ex
943 1893 1074 1969 Plini0,l
1097 1893 1152 1958 sed
1171 1893 1258 1957 haud
1274 1892 1443 1974 diligenter

229 1997 382 2080 legerunt.
428 1999 599 2064 Narremus
622 1999 720 2082 igitur
750 1999 791 2064 ad
822 1998 1065 2065 examinandam
1093 1999 1250 2064 Iuvenalis
1281 1999 1444 2064 veritatem

229 2104 333 2168 Plinio
357 2103 436 2168 duce
457 2126 532 2183 rem,
556 2105 638 2170 sicut
660 2105 744 2170 sacta
767 2111 830 2182 est3
854 2104 1009 2196 editorum
1026 2109 1134 2169 autem
1151 2124 1271 2170 errores
1295 2125 1352 2170 suo
1375 2105 1443 2170 loco

229 2210 486 2292 perstringemus.

334 2314 431 2392 Afris,
455 2320 490 2380 ut
512 2315 577 2380 iam
601 2316 718 2380 dictum
742 2321 798 2393 est,
821 2315 1044 2380 accusantibus
1060 2315 1306 2399 repetundarum
1322 2315 1443 2380 Marius

229 2441 261 2484 se
284 2421 406 2486 absolvi
429 2442 519 2504 posse
543 2421 711 2505 desperans
735 2443 825 2487 reum
856 2443 889 2486 se
912 2441 979 2487 esse
1002 2419 1161 2486 confessus
1193 2427 1239 2486 est
1263 2421 1443 2505 iudicesque

227 2527 349 2610 petivit,
372 2527 426 2609 qui
443 2533 537 2610 rapta
554 2527 766 2592 aestimarent.
793 2519 924 2592 'Marius
940 2525 1185 2609 repetundarum
1198 2547 1316 2610 poenas
1329 2526 1443 2591 dedit.s

230 2631 312 2708 Quia
333 2632 456 2697 Plinius
479 2632 518 2696 de
539 2653 643 2717 poena
666 2632 747 2696 nihil
771 2632 950 2697 accuratius
974 2630 1074 2708 affert,
1098 2631 1300 2696 statuendum
1320 2631 1443 2696 videtur

231 2758 299 2802 esse
322 2737 469 2814 Marium,
492 2744 529 2802 ut
551 2760 618 2803 mos
642 2745 719 2814 erat,
743 2737 957 2821 quadruplum
974 2758 1092 2814 eorum,
1116 2758 1198 2819 quae
1213 2743 1371 2819 rapuerat,
1395 2737 1443 2800 vel

228 2843 344 2926 potius,
368 2864 449 2926 quae
471 2842 715 2908 aestimaverant
737 2842 865 2918 iudices,
888 2842 1135 2924 provincialibus
1152 2841 1288 2905 solvisse.
1325 2841 1385 2906 Sed
1401 2840 1443 2906 ad
1507 2862 1511 2870 ·

228 2949 473 3030 repetundarum
496 2969 622 3012 causam
644 2947 746 3012 altera
769 2945 937 3012 accedebat
968 2967 1039 3011 cum
1068 2945 1127 3010 hac
1157 2945 1244 3009 haud
1271 2953 1339 3010 arte
1369 2967 1443 3010 con-

229 3053 363 3118 iuncta,3
408 3053 530 3117 Plinius
560 3053 643 3116 euim
672 3059 703 3116 et
733 3052 878 3129 Tacitus,
908 3073 980 3116 cnm
1010 3058 1104 3134 rapta
1133 3051 1301 3116 aestimata
1330 3058 1443 3129 essent,

229 3157 365 3222 Marium
396 3159 461 3223 alia
491 3179 616 3242 quoque
644 3158 762 3223 scelera
790 3159 823 3222 in
854 3179 887 3224 se
910 3157 1074 3222 admisisse
1096 3157 1330 3235 intellexeruut,
1362 3179 1443 3241 quae

229 3264 427 3328 immanitate
451 3263 634 3329 excederent
657 3265 799 3340 crimina,
823 3264 940 3347 quibus
956 3263 1076 3328 iudices
1092 3263 1162 3328 dari
1177 3271 1313 3347 possent.
1345 3263 1443 3327 Narn-

231 3391 292 3452 quc
308 3369 438 3446 Marius,
461 3392 481 3434 a
498 3370 628 3435 Vitellio
644 3369 807 3434 Honorabo
823 3369 979 3463 trecentis!
987 3369 1128 3434 millibus
1144 3368 1290 3452 acceptis,
1306 3369 1444 3451 equitem

229 3477 404 3539 Romanum
434 3476 527 3540 exilio
558 3482 738 3558 septemque
767 3475 834 3538 eius
862 3474 980 3538 amicos
1010 3480 1111 3538 morte
1141 3475 1331 3539 multaverat
1353 3481 1393 3551 et,
1422 3497 1442 3539 a

229 3579 338 3645 Flavio
362 3581 525 3645 Marciano
549 3581 756 3664 septingentis
779 3579 919 3644 millibus
942 3579 1088 3663 acceptis,
1112 3580 1247 3663 equitem
1265 3580 1442 3645 Romanurn

338 3796 346 3824 ¹
366 3791 449 3858 Epist.
468 3791 503 3845 Π.
525 3791 565 3845 11.

334 3883 345 3913 2
363 3879 419 3932 Hoc
436 3882 545 3946 apparet
563 3895 594 3931 ex
613 3877 693 3931 Plinii
713 3878 807 3947 verbis,
826 3895 892 3946 quae
905 3881 967 3932 sunt
979 3879 996 3933 l.
1010 3895 1030 3932 c.
1045 3880 1060 3946 ἐ
1077 3881 1117 3933 13.
1149 3879 1223 3954 tErat
1241 3895 1302 3946 ergo
1315 3895 1439 3946 perquam

229 3983 363 4021 onerosum
382 3982 502 4020 accusare
521 3964 723 4034 damnatum,
742 3983 817 4034 quem
838 3970 867 4019 ut
879 3967 1013 4034 premebat
1030 3967 1153 4020 atrocitas
1166 3966 1290 4033 criminis,
1310 3967 1347 4020 ita
1366 3966 1441 4034 quusi

228 4059 389 4123 peractae
407 4053 633 4108 damnationis
652 4055 783 4106 miseratio
802 4047 942 4108 tuebatur'

335 4142 433 4196 ³Pliu.
452 4142 468 4195 l.
488 4159 509 4198 c.
529 4143 545 4210 ξ
564 4145 588 4196 3.
626 4181 640 4218 ι.
661 4183 666 4196 .
686 4183 692 4196 .
712 4157 743 4194 ne
762 4141 824 4210 qnid
842 4142 935 4196 ultra
959 4141 1216 4217 repetundarum
1237 4142 1343 4208 legem
1362 4157 1441 4209 quae·

228 4233 327 4284 seretur
346 4271 351 4283 .
372 4272 378 4285 .
398 4223 413 4283 .'
