<?xml version="1.0" encoding="UTF-8"?>
<!DOCTYPE html PUBLIC "-//W3C//DTD XHTML 1.0 Transitional//EN"
    "http://www.w3.org/TR/xhtml1/DTD/xhtml1-transitional.dtd">
<html xmlns="http://www.w3.org/1999/xhtml" xml:lang="en" lang="en">
 <head>
  <title>
</title>
<meta http-equiv="Content-Type" content="text/html;charset=utf-8" />
  <meta name='ocr-system' content='tesseract 3.04.00' />
  <meta name='ocr-capabilities' content='ocr_page ocr_carea ocr_par ocr_line ocrx_word'/>
</head>
<body>
  <div class='ocr_page' id='page_1' title='image "./quaestionesjuve00niesgoog_0045.png"; bbox 0 0 3266 4902; ppageno 0'>
   <div class='ocr_carea' id='block_1_1' title="bbox 262 176 1487 1629">
    <p class='ocr_par' dir='ltr' id='par_1_1' title="bbox 262 176 1487 892">
     <span class='ocr_line' id='line_1_1' title="bbox 855 176 896 237; baseline 0 0"><span class='ocrx_word' id='word_1_1' title='bbox 855 176 896 237; x_wconf 90' lang='lat'>36</span> 
     </span>
     <span class='ocr_line' id='line_1_2' title="bbox 262 381 1485 468; baseline -0.002 -20"><span class='ocrx_word' id='word_1_2' title='bbox 262 392 336 468; x_wconf 88' lang='lat' dir='ltr'>post</span> <span class='ocrx_word' id='word_1_3' title='bbox 358 381 554 468; x_wconf 89' lang='lat' dir='ltr'>triumphum</span> <span class='ocrx_word' id='word_1_4' title='bbox 577 383 616 446; x_wconf 91' lang='lat' dir='ltr'>de</span> <span class='ocrx_word' id='word_1_5' title='bbox 632 383 726 448; x_wconf 91' lang='lat' dir='ltr'>Dacis</span> <span class='ocrx_word' id='word_1_6' title='bbox 742 388 864 450; x_wconf 84' lang='lat' dir='ltr'>actum1</span> <span class='ocrx_word' id='word_1_7' title='bbox 886 383 906 447; x_wconf 69' lang='lat' dir='ltr'>i,</span> <span class='ocrx_word' id='word_1_8' title='bbox 921 405 945 448; x_wconf 88' lang='lat' dir='ltr'>e.</span> <span class='ocrx_word' id='word_1_9' title='bbox 966 389 1038 467; x_wconf 87' lang='lat' dir='ltr'>post</span> <span class='ocrx_word' id='word_1_10' title='bbox 1050 384 1170 466; x_wconf 84' lang='lat' dir='ltr'>priores</span> <span class='ocrx_word' id='word_1_11' title='bbox 1187 385 1262 448; x_wconf 88' lang='lat' dir='ltr'>anni</span> <span class='ocrx_word' id='word_1_12' title='bbox 1281 388 1330 449; x_wconf 83' lang='lat'>89.</span> <span class='ocrx_word' id='word_1_13' title='bbox 1347 407 1485 450; x_wconf 78' lang='lat' dir='ltr'>menses,</span> 
     </span>
     <span class='ocr_line' id='line_1_3' title="bbox 264 487 1487 572; baseline 0.001 -18"><span class='ocrx_word' id='word_1_14' title='bbox 264 493 369 572; x_wconf 88' lang='lat' dir='ltr'>Atque</span> <span class='ocrx_word' id='word_1_15' title='bbox 391 490 633 555; x_wconf 75' lang='lat' dir='ltr'>Friedlaender²</span> <span class='ocrx_word' id='word_1_16' title='bbox 656 496 688 553; x_wconf 88' lang='lat' dir='ltr'>et</span> <span class='ocrx_word' id='word_1_17' title='bbox 715 487 964 554; x_wconf 76' lang='lat' dir='ltr'>Hirschfeldius3</span> <span class='ocrx_word' id='word_1_18' title='bbox 993 489 1071 554; x_wconf 85' lang='lat' dir='ltr'>sutis</span> <span class='ocrx_word' id='word_1_19' title='bbox 1101 491 1276 555; x_wconf 83' lang='lat' dir='ltr'>luculenter</span> <span class='ocrx_word' id='word_1_20' title='bbox 1305 491 1487 555; x_wconf 87' lang='lat' dir='ltr'>docuerunt</span> 
     </span>
     <span class='ocr_line' id='line_1_4' title="bbox 263 594 1480 679; baseline 0 -19"><span class='ocrx_word' id='word_1_21' title='bbox 263 596 408 660; x_wconf 85' lang='lat' dir='ltr'>carmina</span> <span class='ocrx_word' id='word_1_22' title='bbox 431 594 506 660; x_wconf 90' lang='lat' dir='ltr'>libri</span> <span class='ocrx_word' id='word_1_23' title='bbox 523 596 577 661; x_wconf 88' lang='lat' dir='ltr'>Vl.</span> <span class='ocrx_word' id='word_1_24' title='bbox 595 601 728 659; x_wconf 88' lang='lat' dir='ltr'>exeunte</span> <span class='ocrx_word' id='word_1_25' title='bbox 750 615 833 658; x_wconf 90' lang='lat' dir='ltr'>anno</span> <span class='ocrx_word' id='word_1_26' title='bbox 858 597 908 660; x_wconf 85' lang='lat'>89.</span> <span class='ocrx_word' id='word_1_27' title='bbox 932 595 981 660; x_wconf 84' lang='lat' dir='ltr'>vel</span> <span class='ocrx_word' id='word_1_28' title='bbox 1005 596 1133 659; x_wconf 88' lang='lat' dir='ltr'>ineunte</span> <span class='ocrx_word' id='word_1_29' title='bbox 1149 598 1198 661; x_wconf 89' lang='grc'>90.</span> <span class='ocrx_word' id='word_1_30' title='bbox 1215 597 1388 679; x_wconf 89' lang='lat' dir='ltr'>composita</span> <span class='ocrx_word' id='word_1_31' title='bbox 1404 618 1480 662; x_wconf 87' lang='lat' dir='ltr'>esse.</span> 
     </span>
     <span class='ocr_line' id='line_1_5' title="bbox 264 698 1482 788; baseline -0.002 -23"><span class='ocrx_word' id='word_1_32' title='bbox 264 702 358 784; x_wconf 82' lang='lat' dir='ltr'>Legis</span> <span class='ocrx_word' id='word_1_33' title='bbox 380 701 482 765; x_wconf 88' lang='lat' dir='ltr'>Inliae</span> <span class='ocrx_word' id='word_1_34' title='bbox 511 701 610 783; x_wconf 86' lang='lat' dir='ltr'>igitur</span> <span class='ocrx_word' id='word_1_35' title='bbox 639 700 799 765; x_wconf 81' lang='lat' dir='ltr'>restitutio</span> <span class='ocrx_word' id='word_1_36' title='bbox 828 701 861 764; x_wconf 90' lang='lat' dir='ltr'>in</span> <span class='ocrx_word' id='word_1_37' title='bbox 890 698 953 766; x_wconf 88' lang='lat' dir='ltr'>fine</span> <span class='ocrx_word' id='word_1_38' title='bbox 979 701 1056 764; x_wconf 90' lang='lat' dir='ltr'>anni</span> <span class='ocrx_word' id='word_1_39' title='bbox 1080 704 1130 765; x_wconf 88' lang='grc'>89.</span> <span class='ocrx_word' id='word_1_40' title='bbox 1155 701 1302 783; x_wconf 89' lang='lat' dir='ltr'>ponenda</span> <span class='ocrx_word' id='word_1_41' title='bbox 1325 703 1386 766; x_wconf 91' lang='lat' dir='ltr'>erit</span> <span class='ocrx_word' id='word_1_42' title='bbox 1408 702 1482 788; x_wconf 83' lang='lat' dir='ltr'>(cfr.</span> 
     </span>
     <span class='ocr_line' id='line_1_6' title="bbox 265 807 398 892; baseline -0.038 -20"><span class='ocrx_word' id='word_1_43' title='bbox 265 809 318 872; x_wconf 78' lang='lat' dir='ltr'>VI.</span> <span class='ocrx_word' id='word_1_44' title='bbox 345 807 398 892; x_wconf 84' lang='grc'>7,).</span> 
     </span>
    </p>

    <p class='ocr_par' dir='ltr' id='par_1_2' title="bbox 266 910 1484 1102">
     <span class='ocr_line' id='line_1_7' title="bbox 369 910 1484 996; baseline -0.002 -18"><span class='ocrx_word' id='word_1_45' title='bbox 369 912 430 978; x_wconf 88' lang='lat' dir='ltr'>Sed</span> <span class='ocrx_word' id='word_1_46' title='bbox 447 911 506 977; x_wconf 89' lang='lat' dir='ltr'>hoc</span> <span class='ocrx_word' id='word_1_47' title='bbox 523 933 648 996; x_wconf 92' lang='lat' dir='ltr'>quoque</span> <span class='ocrx_word' id='word_1_48' title='bbox 663 912 780 978; x_wconf 84' lang='lat' dir='ltr'>addere</span> <span class='ocrx_word' id='word_1_49' title='bbox 796 912 887 976; x_wconf 86' lang='lat' dir='ltr'>velim</span> <span class='ocrx_word' id='word_1_50' title='bbox 905 910 1093 988; x_wconf 84' lang='lat' dir='ltr'>Corneliam,</span> <span class='ocrx_word' id='word_1_51' title='bbox 1110 913 1283 978; x_wconf 85' lang='lat' dir='ltr'>Vestalium</span> <span class='ocrx_word' id='word_1_52' title='bbox 1299 913 1484 989; x_wconf 82' lang='lat' dir='ltr'>maximam,</span> 
     </span>
     <span class='ocr_line' id='line_1_8' title="bbox 266 1017 1326 1102; baseline -0.002 -20"><span class='ocrx_word' id='word_1_53' title='bbox 266 1018 377 1083; x_wconf 89' lang='lat' dir='ltr'>statim</span> <span class='ocrx_word' id='word_1_54' title='bbox 399 1017 463 1082; x_wconf 90' lang='lat' dir='ltr'>fere</span> <span class='ocrx_word' id='word_1_55' title='bbox 485 1025 558 1102; x_wconf 90' lang='lat' dir='ltr'>post</span> <span class='ocrx_word' id='word_1_56' title='bbox 580 1018 680 1082; x_wconf 91' lang='lat' dir='ltr'>Iuliae</span> <span class='ocrx_word' id='word_1_57' title='bbox 703 1023 850 1081; x_wconf 71' lang='lat' dir='ltr'>mortem⁴</span> <span class='ocrx_word' id='word_1_58' title='bbox 873 1039 957 1082; x_wconf 91' lang='lat' dir='ltr'>anno</span> <span class='ocrx_word' id='word_1_59' title='bbox 982 1021 1050 1082; x_wconf 71' lang='lat'><em>89:⁷³</em></span> <span class='ocrx_word' id='word_1_60' title='bbox 1074 1017 1228 1083; x_wconf 89' lang='lat' dir='ltr'>defossam</span> <span class='ocrx_word' id='word_1_61' title='bbox 1253 1039 1326 1083; x_wconf 90' lang='lat' dir='ltr'>esse.</span> 
     </span>
    </p>

    <p class='ocr_par' dir='ltr' id='par_1_3' title="bbox 262 1123 1483 1629">
     <span class='ocr_line' id='line_1_9' title="bbox 369 1123 1483 1208; baseline 0.003 -21"><span class='ocrx_word' id='word_1_62' title='bbox 369 1125 482 1207; x_wconf 90' lang='lat' dir='ltr'>Itaque</span> <span class='ocrx_word' id='word_1_63' title='bbox 506 1123 583 1188; x_wconf 89' lang='lat' dir='ltr'>baec</span> <span class='ocrx_word' id='word_1_64' title='bbox 606 1124 810 1206; x_wconf 89' lang='lat' dir='ltr'>comprobata</span> <span class='ocrx_word' id='word_1_65' title='bbox 833 1129 923 1188; x_wconf 87' lang='lat' dir='ltr'>sunt:</span> <span class='ocrx_word' id='word_1_66' title='bbox 946 1125 1032 1188; x_wconf 88' lang='lat' dir='ltr'>intra</span> <span class='ocrx_word' id='word_1_67' title='bbox 1048 1145 1221 1206; x_wconf 90' lang='lat' dir='ltr'>paucorum</span> <span class='ocrx_word' id='word_1_68' title='bbox 1237 1125 1391 1190; x_wconf 89' lang='lat' dir='ltr'>mensium</span> <span class='ocrx_word' id='word_1_69' title='bbox 1408 1146 1483 1208; x_wconf 90' lang='lat' dir='ltr'>spa-</span> 
     </span>
     <span class='ocr_line' id='line_1_10' title="bbox 263 1228 1480 1311; baseline 0 -18"><span class='ocrx_word' id='word_1_70' title='bbox 263 1230 343 1294; x_wconf 90' lang='lat' dir='ltr'>tium</span> <span class='ocrx_word' id='word_1_71' title='bbox 367 1229 569 1294; x_wconf 88' lang='lat' dir='ltr'>Domitianus</span> <span class='ocrx_word' id='word_1_72' title='bbox 592 1229 676 1311; x_wconf 85' lang='lat' dir='ltr'>leges</span> <span class='ocrx_word' id='word_1_73' title='bbox 699 1235 809 1294; x_wconf 88' lang='lat' dir='ltr'>contra</span> <span class='ocrx_word' id='word_1_74' title='bbox 832 1228 979 1293; x_wconf 90' lang='lat' dir='ltr'>libidines</span> <span class='ocrx_word' id='word_1_75' title='bbox 1003 1229 1078 1294; x_wconf 91' lang='lat' dir='ltr'>clim</span> <span class='ocrx_word' id='word_1_76' title='bbox 1101 1229 1183 1294; x_wconf 90' lang='lat' dir='ltr'>latas</span> <span class='ocrx_word' id='word_1_77' title='bbox 1206 1231 1378 1308; x_wconf 85' lang='lat' dir='ltr'>renovavit,</span> <span class='ocrx_word' id='word_1_78' title='bbox 1402 1231 1480 1296; x_wconf 84' lang='lat' dir='ltr'>Cor-</span> 
     </span>
     <span class='ocr_line' id='line_1_11' title="bbox 263 1333 1482 1411; baseline 0.002 -13"><span class='ocrx_word' id='word_1_79' title='bbox 263 1335 380 1400; x_wconf 89' lang='lat' dir='ltr'>neliam</span> <span class='ocrx_word' id='word_1_80' title='bbox 404 1333 524 1400; x_wconf 82' lang='lat' dir='ltr'>defodit</span> <span class='ocrx_word' id='word_1_81' title='bbox 546 1335 658 1411; x_wconf 87' lang='lat' dir='ltr'>vivam,</span> <span class='ocrx_word' id='word_1_82' title='bbox 682 1335 790 1399; x_wconf 88' lang='lat' dir='ltr'>fratris</span> <span class='ocrx_word' id='word_1_83' title='bbox 813 1333 912 1399; x_wconf 90' lang='lat' dir='ltr'>filiam</span> <span class='ocrx_word' id='word_1_84' title='bbox 936 1335 1056 1399; x_wconf 88' lang='lat' dir='ltr'>incesto</span> <span class='ocrx_word' id='word_1_85' title='bbox 1080 1335 1202 1399; x_wconf 88' lang='lat' dir='ltr'>occidit.</span> <span class='ocrx_word' id='word_1_86' title='bbox 1241 1337 1308 1400; x_wconf 91' lang='lat' dir='ltr'>Iam</span> <span class='ocrx_word' id='word_1_87' title='bbox 1328 1337 1482 1401; x_wconf 89' lang='lat' dir='ltr'>concedes</span> 
     </span>
     <span class='ocr_line' id='line_1_12' title="bbox 263 1438 1482 1524; baseline 0.002 -20"><span class='ocrx_word' id='word_1_88' title='bbox 263 1441 443 1505; x_wconf 85' lang='lat' dir='ltr'>Iuvenalem</span> <span class='ocrx_word' id='word_1_89' title='bbox 466 1441 506 1506; x_wconf 91' lang='lat' dir='ltr'>II.</span> <span class='ocrx_word' id='word_1_90' title='bbox 523 1443 574 1504; x_wconf 90' lang='grc'>29.</span> <span class='ocrx_word' id='word_1_91' title='bbox 598 1461 644 1523; x_wconf 91' lang='lat' dir='ltr'>sq.</span> <span class='ocrx_word' id='word_1_92' title='bbox 665 1438 792 1504; x_wconf 90' lang='lat' dir='ltr'>omnino</span> <span class='ocrx_word' id='word_1_93' title='bbox 809 1439 889 1503; x_wconf 93' lang='lat' dir='ltr'>nihil</span> <span class='ocrx_word' id='word_1_94' title='bbox 903 1439 975 1504; x_wconf 89' lang='lat' dir='ltr'>falsi</span> <span class='ocrx_word' id='word_1_95' title='bbox 991 1438 1108 1506; x_wconf 87' lang='lat' dir='ltr'>referre</span> <span class='ocrx_word' id='word_1_96' title='bbox 1126 1462 1227 1524; x_wconf 93' lang='lat' dir='ltr'>neque</span> <span class='ocrx_word' id='word_1_97' title='bbox 1241 1462 1307 1505; x_wconf 90' lang='lat' dir='ltr'>rem</span> <span class='ocrx_word' id='word_1_98' title='bbox 1326 1443 1357 1505; x_wconf 91' lang='lat' dir='ltr'>in</span> <span class='ocrx_word' id='word_1_99' title='bbox 1374 1443 1482 1506; x_wconf 86' lang='lat' dir='ltr'>mains</span> 
     </span>
     <span class='ocr_line' id='line_1_13' title="bbox 262 1545 1480 1629; baseline -0.002 -19"><span class='ocrx_word' id='word_1_100' title='bbox 262 1565 379 1628; x_wconf 85' lang='lat' dir='ltr'>angere</span> <span class='ocrx_word' id='word_1_101' title='bbox 394 1553 449 1610; x_wconf 89' lang='lat' dir='ltr'>aut</span> <span class='ocrx_word' id='word_1_102' title='bbox 466 1545 662 1629; x_wconf 90' lang='lat' dir='ltr'>detorquere,</span> <span class='ocrx_word' id='word_1_103' title='bbox 678 1545 733 1609; x_wconf 89' lang='lat' dir='ltr'>sed</span> <span class='ocrx_word' id='word_1_104' title='bbox 749 1545 855 1610; x_wconf 90' lang='lat' dir='ltr'>omnia</span> <span class='ocrx_word' id='word_1_105' title='bbox 871 1551 1019 1610; x_wconf 88' lang='lat' dir='ltr'>accurate</span> <span class='ocrx_word' id='word_1_106' title='bbox 1035 1546 1230 1628; x_wconf 90' lang='lat' dir='ltr'>temporibus</span> <span class='ocrx_word' id='word_1_107' title='bbox 1244 1547 1308 1611; x_wconf 88' lang='lat' dir='ltr'>suis</span> <span class='ocrx_word' id='word_1_108' title='bbox 1321 1554 1480 1613; x_wconf 84' lang='lat' dir='ltr'>constare.</span> 
     </span>
    </p>
   </div>
   <div class='ocr_carea' id='block_1_2' title="bbox 721 1772 1019 1856">
    <p class='ocr_par' dir='ltr' id='par_1_4' title="bbox 721 1772 1019 1856">
     <span class='ocr_line' id='line_1_14' title="bbox 721 1772 1019 1856; baseline -0.007 -17"><span class='ocrx_word' id='word_1_109' title='bbox 721 1773 786 1839; x_wconf 87' lang='lat' dir='ltr'>Sat.</span> <span class='ocrx_word' id='word_1_110' title='bbox 811 1772 850 1836; x_wconf 89' lang='lat' dir='ltr'>X.</span> <span class='ocrx_word' id='word_1_111' title='bbox 876 1777 949 1838; x_wconf 87' lang='grc'><strong>329.</strong></span> <span class='ocrx_word' id='word_1_112' title='bbox 973 1795 1019 1856; x_wconf 92' lang='lat' dir='ltr'>sq.</span> 
     </span>
    </p>
   </div>
   <div class='ocr_carea' id='block_1_3' title="bbox 435 1931 1265 2424">
    <p class='ocr_par' dir='ltr' id='par_1_5' title="bbox 435 1931 1265 2424">
     <span class='ocr_line' id='line_1_15' title="bbox 967 1931 1202 2006; baseline 0.004 -23"><span class='ocrx_word' id='word_1_113' title='bbox 967 1931 1060 2006; x_wconf 38' lang='lat' dir='ltr'>(Elige,</span> <span class='ocrx_word' id='word_1_114' title='bbox 1079 1931 1202 1999; x_wconf 89' lang='lat' dir='ltr'>quidnam</span> 
     </span>
     <span class='ocr_line' id='line_1_16' title="bbox 528 2018 1265 2086; baseline 0.001 -14"><span class='ocrx_word' id='word_1_115' title='bbox 528 2018 695 2072; x_wconf 82' lang='lat' dir='ltr'>Suadendum</span> <span class='ocrx_word' id='word_1_116' title='bbox 714 2034 768 2072; x_wconf 86' lang='lat' dir='ltr'>esse</span> <span class='ocrx_word' id='word_1_117' title='bbox 786 2021 870 2086; x_wconf 89' lang='lat' dir='ltr'>putes,</span> <span class='ocrx_word' id='word_1_118' title='bbox 889 2019 930 2071; x_wconf 89' lang='lat' dir='ltr'>cui</span> <span class='ocrx_word' id='word_1_119' title='bbox 948 2019 1044 2072; x_wconf 89' lang='lat' dir='ltr'>nubere</span> <span class='ocrx_word' id='word_1_120' title='bbox 1063 2019 1182 2072; x_wconf 84' lang='lat' dir='ltr'>Caesaris</span> <span class='ocrx_word' id='word_1_121' title='bbox 1201 2038 1265 2074; x_wconf 81' lang='lat' dir='ltr'>uxor</span> 
     </span>
     <span class='ocr_line' id='line_1_17' title="bbox 526 2105 1228 2174; baseline 0.001 -14"><span class='ocrx_word' id='word_1_122' title='bbox 526 2107 656 2160; x_wconf 88' lang='lat' dir='ltr'>Destinat.</span> <span class='ocrx_word' id='word_1_123' title='bbox 693 2105 814 2174; x_wconf 85' lang='lat' dir='ltr'>Optimus</span> <span class='ocrx_word' id='word_1_124' title='bbox 833 2107 876 2159; x_wconf 90' lang='lat' dir='ltr'>bic</span> <span class='ocrx_word' id='word_1_125' title='bbox 894 2110 922 2160; x_wconf 86' lang='lat' dir='ltr'>et-</span> <span class='ocrx_word' id='word_1_126' title='bbox 940 2107 1142 2160; x_wconf 85' lang='lat' dir='ltr'>formosissimns</span> <span class='ocrx_word' id='word_1_127' title='bbox 1161 2109 1228 2161; x_wconf 89' lang='lat' dir='ltr'>idem</span> 
     </span>
     <span class='ocr_line' id='line_1_18' title="bbox 438 2194 1203 2265; baseline 0 -17"><span class='ocrx_word' id='word_1_128' title='bbox 438 2200 440 2204; x_wconf 87' lang='lat'>&#39;</span> <span class='ocrx_word' id='word_1_129' title='bbox 527 2194 619 2265; x_wconf 85' lang='lat' dir='ltr'>Gentis</span> <span class='ocrx_word' id='word_1_130' title='bbox 637 2195 763 2262; x_wconf 84' lang='lat' dir='ltr'>patriciae</span> <span class='ocrx_word' id='word_1_131' title='bbox 782 2194 883 2262; x_wconf 86' lang='lat' dir='ltr'>rapitur</span> <span class='ocrx_word' id='word_1_132' title='bbox 901 2196 980 2248; x_wconf 88' lang='lat' dir='ltr'>miser</span> <span class='ocrx_word' id='word_1_133' title='bbox 998 2195 1203 2262; x_wconf 83' lang='lat' dir='ltr'>exstinguendus</span> 
     </span>
     <span class='ocr_line' id='line_1_19' title="bbox 435 2281 1181 2350; baseline 0.003 -16"><span class='ocrx_word' id='word_1_134' title='bbox 435 2288 442 2304; x_wconf 84' lang='lat'>⁸</span> <span class='ocrx_word' id='word_1_135' title='bbox 526 2282 681 2335; x_wconf 84' lang='lat' dir='ltr'>Messalinae</span> <span class='ocrx_word' id='word_1_136' title='bbox 700 2282 794 2349; x_wconf 81' lang='lat' dir='ltr'>oculis3</span> <span class='ocrx_word' id='word_1_137' title='bbox 813 2281 912 2335; x_wconf 90' lang='lat' dir='ltr'>dudum</span> <span class='ocrx_word' id='word_1_138' title='bbox 932 2281 1005 2334; x_wconf 89' lang='lat' dir='ltr'>sedet</span> <span class='ocrx_word' id='word_1_139' title='bbox 1023 2282 1071 2336; x_wconf 88' lang='lat' dir='ltr'>illa</span> <span class='ocrx_word' id='word_1_140' title='bbox 1090 2287 1181 2350; x_wconf 90' lang='lat' dir='ltr'>parato</span> 
     </span>
     <span class='ocr_line' id='line_1_20' title="bbox 525 2363 773 2424; baseline 0.004 -2"><span class='ocrx_word' id='word_1_141' title='bbox 525 2369 685 2422; x_wconf 82' lang='lat' dir='ltr'>Flammeolo</span> <span class='ocrx_word' id='word_1_142' title='bbox 705 2411 710 2423; x_wconf 94' lang='lat'><strong>.</strong></span> <span class='ocrx_word' id='word_1_143' title='bbox 731 2412 737 2424; x_wconf 92' lang='lat'><strong>.</strong></span> <span class='ocrx_word' id='word_1_144' title='bbox 758 2363 773 2424; x_wconf 89' lang='lat'>.&#39;</span> 
     </span>
    </p>
   </div>
   <div class='ocr_carea' id='block_1_4' title="bbox 259 2527 1481 2926">
    <p class='ocr_par' dir='ltr' id='par_1_6' title="bbox 259 2527 1481 2926">
     <span class='ocr_line' id='line_1_21' title="bbox 368 2527 1481 2612; baseline 0.003 -20"><span class='ocrx_word' id='word_1_145' title='bbox 368 2528 549 2604; x_wconf 89' lang='lat' dir='ltr'>Messalina,</span> <span class='ocrx_word' id='word_1_146' title='bbox 573 2527 611 2592; x_wconf 90' lang='lat' dir='ltr'>de</span> <span class='ocrx_word' id='word_1_147' title='bbox 635 2549 698 2612; x_wconf 91' lang='lat' dir='ltr'>qua</span> <span class='ocrx_word' id='word_1_148' title='bbox 720 2528 783 2592; x_wconf 91' lang='lat' dir='ltr'>iam</span> <span class='ocrx_word' id='word_1_149' title='bbox 807 2534 919 2612; x_wconf 80' lang='lat' dir='ltr'>supra6</span> <span class='ocrx_word' id='word_1_150' title='bbox 942 2529 1089 2607; x_wconf 85' lang='lat' dir='ltr'>diximus,</span> <span class='ocrx_word' id='word_1_151' title='bbox 1113 2531 1229 2595; x_wconf 84' lang='lat' dir='ltr'>femina</span> <span class='ocrx_word' id='word_1_152' title='bbox 1251 2531 1308 2595; x_wconf 92' lang='lat' dir='ltr'>illa</span> <span class='ocrx_word' id='word_1_153' title='bbox 1331 2531 1481 2596; x_wconf 83' lang='lat' dir='ltr'>omnibus</span> 
     </span>
     <span class='ocr_line' id='line_1_22' title="bbox 259 2633 1479 2718; baseline 0 -20"><span class='ocrx_word' id='word_1_154' title='bbox 259 2633 448 2699; x_wconf 90' lang='lat' dir='ltr'>libidinibus</span> <span class='ocrx_word' id='word_1_155' title='bbox 472 2633 619 2717; x_wconf 90' lang='lat' dir='ltr'>profusa,</span> <span class='ocrx_word' id='word_1_156' title='bbox 650 2655 757 2698; x_wconf 88' lang='lat' dir='ltr'>amore</span> <span class='ocrx_word' id='word_1_157' title='bbox 779 2635 892 2699; x_wconf 88' lang='lat' dir='ltr'>insano</span> <span class='ocrx_word' id='word_1_158' title='bbox 916 2641 1009 2718; x_wconf 88' lang='lat' dir='ltr'>capta</span> <span class='ocrx_word' id='word_1_159' title='bbox 1032 2642 1080 2699; x_wconf 91' lang='lat' dir='ltr'>est</span> <span class='ocrx_word' id='word_1_160' title='bbox 1103 2635 1134 2702; x_wconf 87' lang='lat' dir='ltr'>C.</span> <span class='ocrx_word' id='word_1_161' title='bbox 1159 2637 1245 2712; x_wconf 86' lang='lat' dir='ltr'>Silii,</span> <span class='ocrx_word' id='word_1_162' title='bbox 1268 2637 1389 2702; x_wconf 88' lang='lat' dir='ltr'>invenis</span> <span class='ocrx_word' id='word_1_163' title='bbox 1412 2636 1479 2700; x_wconf 87' lang='lat' dir='ltr'>for·</span> 
     </span>
     <span class='ocr_line' id='line_1_23' title="bbox 259 2739 1480 2824; baseline 0.002 -20"><span class='ocrx_word' id='word_1_164' title='bbox 259 2739 438 2804; x_wconf 90' lang='lat' dir='ltr'>mosissimi.</span> <span class='ocrx_word' id='word_1_165' title='bbox 486 2739 560 2816; x_wconf 90' lang='lat' dir='ltr'>Cui,</span> <span class='ocrx_word' id='word_1_166' title='bbox 592 2761 782 2822; x_wconf 89' lang='lat' dir='ltr'>quamquam</span> <span class='ocrx_word' id='word_1_167' title='bbox 807 2739 956 2805; x_wconf 84' lang='lat' dir='ltr'>Claudius</span> <span class='ocrx_word' id='word_1_168' title='bbox 986 2743 1119 2804; x_wconf 89' lang='lat' dir='ltr'>maritus</span> <span class='ocrx_word' id='word_1_169' title='bbox 1147 2741 1285 2818; x_wconf 86' lang='lat' dir='ltr'>vivebat,</span> <span class='ocrx_word' id='word_1_170' title='bbox 1314 2743 1421 2824; x_wconf 87' lang='lat' dir='ltr'>palam</span> <span class='ocrx_word' id='word_1_171' title='bbox 1445 2750 1480 2806; x_wconf 91' lang='lat' dir='ltr'>et</span> 
     </span>
     <span class='ocr_line' id='line_1_24' title="bbox 260 2843 1479 2926; baseline -0.002 -16"><span class='ocrx_word' id='word_1_172' title='bbox 260 2845 382 2910; x_wconf 88' lang='lat' dir='ltr'>cunctis</span> <span class='ocrx_word' id='word_1_173' title='bbox 399 2844 597 2908; x_wconf 83' lang='lat' dir='ltr'>caerimoniis</span> <span class='ocrx_word' id='word_1_174' title='bbox 615 2845 730 2926; x_wconf 89' lang='lat' dir='ltr'>nupsit.</span> <span class='ocrx_word' id='word_1_175' title='bbox 773 2845 843 2908; x_wconf 90' lang='lat' dir='ltr'>Etsi</span> <span class='ocrx_word' id='word_1_176' title='bbox 860 2845 899 2908; x_wconf 91' lang='lat' dir='ltr'>de</span> <span class='ocrx_word' id='word_1_177' title='bbox 914 2844 963 2907; x_wconf 91' lang='lat' dir='ltr'>his</span> <span class='ocrx_word' id='word_1_178' title='bbox 980 2845 1108 2926; x_wconf 88' lang='lat' dir='ltr'>nuptiis,</span> <span class='ocrx_word' id='word_1_179' title='bbox 1132 2865 1201 2908; x_wconf 92' lang='lat' dir='ltr'>cum</span> <span class='ocrx_word' id='word_1_180' title='bbox 1218 2864 1267 2908; x_wconf 91' lang='lat' dir='ltr'>res</span> <span class='ocrx_word' id='word_1_181' title='bbox 1283 2843 1324 2908; x_wconf 91' lang='lat' dir='ltr'>ab</span> <span class='ocrx_word' id='word_1_182' title='bbox 1340 2847 1479 2908; x_wconf 88' lang='lat' dir='ltr'>auctori-</span> 
     </span>
    </p>
   </div>
   <div class='ocr_carea' id='block_1_5' title="bbox 254 3053 1478 4268">
    <p class='ocr_par' dir='ltr' id='par_1_7' title="bbox 254 3053 1478 4268">
     <span class='ocr_line' id='line_1_25' title="bbox 366 3053 761 3121; baseline -0.005 -13"><span class='ocrx_word' id='word_1_183' title='bbox 366 3059 374 3088; x_wconf 81' lang='lat'>¹</span> <span class='ocrx_word' id='word_1_184' title='bbox 394 3054 448 3108; x_wconf 80' lang='lat' dir='ltr'>on.</span> <span class='ocrx_word' id='word_1_185' title='bbox 468 3054 551 3121; x_wconf 84' lang='lat' dir='ltr'>epigr.</span> <span class='ocrx_word' id='word_1_186' title='bbox 569 3053 616 3107; x_wconf 85' lang='lat' dir='ltr'>Vl.</span> <span class='ocrx_word' id='word_1_187' title='bbox 636 3054 660 3106; x_wconf 81' lang='lat'>4.</span> <span class='ocrx_word' id='word_1_188' title='bbox 682 3053 703 3107; x_wconf 90' lang='lat'>1.</span> <span class='ocrx_word' id='word_1_189' title='bbox 723 3068 761 3120; x_wconf 90' lang='lat' dir='ltr'>sq.</span> 
     </span>
     <span class='ocr_line' id='line_1_26' title="bbox 436 3141 1029 3218; baseline 0 -24"><span class='ocrx_word' id='word_1_190' title='bbox 436 3141 541 3218; x_wconf 66' lang='lat' dir='ltr'>tCensor</span> <span class='ocrx_word' id='word_1_191' title='bbox 559 3142 670 3194; x_wconf 85' lang='lat' dir='ltr'>maxime</span> <span class='ocrx_word' id='word_1_192' title='bbox 688 3142 885 3209; x_wconf 84' lang='lat' dir='ltr'>principumque</span> <span class='ocrx_word' id='word_1_193' title='bbox 903 3142 1029 3210; x_wconf 84' lang='lat' dir='ltr'>princeps,</span> 
     </span>
     <span class='ocr_line' id='line_1_27' title="bbox 437 3223 1287 3300; baseline 0.002 -17"><span class='ocrx_word' id='word_1_194' title='bbox 437 3231 505 3284; x_wconf 75' lang='lat' dir='ltr'>(lum</span> <span class='ocrx_word' id='word_1_195' title='bbox 523 3229 634 3283; x_wconf 87' lang='lat' dir='ltr'>tetiam</span> <span class='ocrx_word' id='word_1_196' title='bbox 653 3229 701 3283; x_wconf 90' lang='lat' dir='ltr'>tibi</span> <span class='ocrx_word' id='word_1_197' title='bbox 720 3229 812 3284; x_wconf 84' lang='lat' dir='ltr'>debeat</span> <span class='ocrx_word' id='word_1_198' title='bbox 829 3229 1022 3298; x_wconf 87' lang='lat' dir='ltr'>triumphos</span> <span class='ocrx_word' id='word_1_199' title='bbox 1041 3232 1085 3300; x_wconf 90' lang='lat' dir='ltr'>(sc.</span> <span class='ocrx_word' id='word_1_200' title='bbox 1105 3231 1210 3300; x_wconf 80' lang='lat' dir='ltr'>Roma),</span> <span class='ocrx_word' id='word_1_201' title='bbox 1229 3223 1287 3286; x_wconf 57' lang='lat' dir='ltr'>etc.³</span> 
     </span>
     <span class='ocr_line' id='line_1_28' title="bbox 435 3318 638 3387; baseline 0.005 -15"><span class='ocrx_word' id='word_1_202' title='bbox 435 3318 475 3373; x_wconf 93' lang='lat' dir='ltr'>Ib.</span> <span class='ocrx_word' id='word_1_203' title='bbox 496 3320 536 3373; x_wconf 90' lang='lat'>10.</span> <span class='ocrx_word' id='word_1_204' title='bbox 556 3319 580 3373; x_wconf 89' lang='lat'>6.</span> <span class='ocrx_word' id='word_1_205' title='bbox 600 3334 638 3387; x_wconf 88' lang='lat' dir='ltr'>sq.</span> 
     </span>
     <span class='ocr_line' id='line_1_29' title="bbox 436 3405 1071 3482; baseline -0.003 -22"><span class='ocrx_word' id='word_1_206' title='bbox 436 3407 516 3482; x_wconf 49' lang='lat' dir='ltr'>(Talis</span> <span class='ocrx_word' id='word_1_207' title='bbox 535 3407 696 3474; x_wconf 87' lang='lat' dir='ltr'>supplicibus</span> <span class='ocrx_word' id='word_1_208' title='bbox 715 3407 809 3460; x_wconf 87' lang='lat' dir='ltr'>tribuit</span> <span class='ocrx_word' id='word_1_209' title='bbox 826 3405 975 3460; x_wconf 86' lang='lat' dir='ltr'>diademata</span> <span class='ocrx_word' id='word_1_210' title='bbox 993 3405 1071 3459; x_wconf 87' lang='lat' dir='ltr'>Dacis</span> 
     </span>
     <span class='ocr_line' id='line_1_30' title="bbox 435 3487 1103 3563; baseline -0.003 -15"><span class='ocrx_word' id='word_1_211' title='bbox 435 3496 471 3548; x_wconf 86' lang='lat' dir='ltr'>Et</span> <span class='ocrx_word' id='word_1_212' title='bbox 489 3495 704 3563; x_wconf 79' lang='lat' dir='ltr'>Capitolinas</span> <span class='ocrx_word' id='word_1_213' title='bbox 721 3495 817 3562; x_wconf 90' lang='lat' dir='ltr'>itque</span> <span class='ocrx_word' id='word_1_214' title='bbox 835 3494 990 3562; x_wconf 88' lang='lat' dir='ltr'>reditque</span> <span class='ocrx_word' id='word_1_215' title='bbox 1008 3487 1103 3546; x_wconf 84' lang='lat' dir='ltr'>vias&#39;</span> 
     </span>
     <span class='ocr_line' id='line_1_31' title="bbox 434 3583 581 3638; baseline 0.007 -2"><span class='ocrx_word' id='word_1_216' title='bbox 434 3583 473 3637; x_wconf 90' lang='lat' dir='ltr'>Ib.</span> <span class='ocrx_word' id='word_1_217' title='bbox 494 3585 536 3638; x_wconf 85' lang='grc'>76.</span> <span class='ocrx_word' id='word_1_218' title='bbox 556 3585 581 3637; x_wconf 87' lang='grc'>5.</span> 
     </span>
     <span class='ocr_line' id='line_1_32' title="bbox 435 3663 1198 3746; baseline 0.001 -22"><span class='ocrx_word' id='word_1_219' title='bbox 435 3669 548 3746; x_wconf 71' lang='grc' dir='ltr'>ι(100000</span> <span class='ocrx_word' id='word_1_220' title='bbox 566 3671 656 3738; x_wconf 86' lang='lat' dir='ltr'>iugum</span> <span class='ocrx_word' id='word_1_221' title='bbox 677 3668 775 3724; x_wconf 85' lang='lat' dir='ltr'>domita</span> <span class='ocrx_word' id='word_1_222' title='bbox 794 3672 881 3724; x_wconf 87' lang='lat' dir='ltr'>Dacus</span> <span class='ocrx_word' id='word_1_223' title='bbox 899 3670 996 3724; x_wconf 84' lang='lat' dir='ltr'>cervice</span> <span class='ocrx_word' id='word_1_224' title='bbox 1014 3663 1118 3737; x_wconf 77' lang='lat' dir='ltr'>recepit&#39;</span> <span class='ocrx_word' id='word_1_225' title='bbox 1138 3710 1144 3724; x_wconf 88' lang='lat'><em>.</em></span> <span class='ocrx_word' id='word_1_226' title='bbox 1164 3712 1171 3725; x_wconf 90' lang='lat'><strong>.</strong></span> <span class='ocrx_word' id='word_1_227' title='bbox 1192 3712 1198 3725; x_wconf 91' lang='lat'>.</span> 
     </span>
     <span class='ocr_line' id='line_1_33' title="bbox 363 3758 1043 3826; baseline 0 -14"><span class='ocrx_word' id='word_1_228' title='bbox 363 3759 422 3812; x_wconf 72' lang='lat'>2111</span> <span class='ocrx_word' id='word_1_229' title='bbox 441 3758 601 3826; x_wconf 80' lang='lat' dir='ltr'>praelatione</span> <span class='ocrx_word' id='word_1_230' title='bbox 619 3758 652 3812; x_wconf 84' lang='lat' dir='ltr'>ed</span> <span class='ocrx_word' id='word_1_231' title='bbox 670 3758 802 3812; x_wconf 81' lang='lat' dir='ltr'>Martialis</span> <span class='ocrx_word' id='word_1_232' title='bbox 821 3759 902 3826; x_wconf 84' lang='lat' dir='ltr'>epigr.</span> <span class='ocrx_word' id='word_1_233' title='bbox 921 3775 981 3826; x_wconf 86' lang='lat' dir='ltr'>pag.</span> <span class='ocrx_word' id='word_1_234' title='bbox 1001 3760 1043 3812; x_wconf 80' lang='lat'>57.</span> 
     </span>
     <span class='ocr_line' id='line_1_34' title="bbox 366 3846 895 3915; baseline 0 -15"><span class='ocrx_word' id='word_1_235' title='bbox 366 3850 376 3881; x_wconf 85' lang='lat'>³</span> <span class='ocrx_word' id='word_1_236' title='bbox 395 3846 467 3900; x_wconf 81' lang='lat' dir='ltr'>tht.</span> <span class='ocrx_word' id='word_1_237' title='bbox 486 3847 537 3915; x_wconf 87' lang='lat' dir='ltr'>gel.</span> <span class='ocrx_word' id='word_1_238' title='bbox 557 3847 621 3901; x_wconf 81' lang='lat' dir='ltr'>Anz.</span> <span class='ocrx_word' id='word_1_239' title='bbox 643 3848 719 3915; x_wconf 87' lang='grc'><strong>1869,</strong></span> <span class='ocrx_word' id='word_1_240' title='bbox 738 3863 798 3914; x_wconf 87' lang='lat' dir='ltr'>pag.</span> <span class='ocrx_word' id='word_1_241' title='bbox 819 3847 895 3901; x_wconf 74' lang='lat'>1507.</span> 
     </span>
     <span class='ocr_line' id='line_1_35' title="bbox 364 3935 765 4002; baseline 0 -14"><span class='ocrx_word' id='word_1_242' title='bbox 364 3935 448 3988; x_wconf 71' lang='lat' dir='ltr'>‘Csn</span> <span class='ocrx_word' id='word_1_243' title='bbox 467 3935 537 3989; x_wconf 86' lang='lat' dir='ltr'>Plin.</span> <span class='ocrx_word' id='word_1_244' title='bbox 556 3950 594 4002; x_wconf 88' lang='lat' dir='ltr'>ep.</span> <span class='ocrx_word' id='word_1_245' title='bbox 614 3935 660 3989; x_wconf 85' lang='lat' dir='ltr'>Vl.</span> <span class='ocrx_word' id='word_1_246' title='bbox 681 3937 721 3990; x_wconf 91' lang='lat' dir='ltr'>ll.</span> <span class='ocrx_word' id='word_1_247' title='bbox 742 3938 765 3990; x_wconf 83' lang='lat'>6.</span> 
     </span>
     <span class='ocr_line' id='line_1_36' title="bbox 364 4015 1478 4098; baseline -0.004 -22"><span class='ocrx_word' id='word_1_248' title='bbox 364 4022 448 4078; x_wconf 81' lang='lat' dir='ltr'>⁶Cfr.</span> <span class='ocrx_word' id='word_1_249' title='bbox 468 4022 591 4077; x_wconf 88' lang='lat' dir='ltr'>Schoenei</span> <span class='ocrx_word' id='word_1_250' title='bbox 616 4022 719 4098; x_wconf 47' lang='lat' dir='ltr'>(Euseb.</span> <span class='ocrx_word' id='word_1_251' title='bbox 744 4015 842 4076; x_wconf 59' lang='lat' dir='ltr'>chron?</span> <span class='ocrx_word' id='word_1_252' title='bbox 866 4038 926 4091; x_wconf 84' lang='lat' dir='ltr'>pag.</span> <span class='ocrx_word' id='word_1_253' title='bbox 954 4024 1013 4078; x_wconf 87' lang='grc'><strong>169.</strong></span> <span class='ocrx_word' id='word_1_254' title='bbox 1032 4024 1058 4075; x_wconf 86' lang='lat' dir='ltr'>et</span> <span class='ocrx_word' id='word_1_255' title='bbox 1076 4021 1107 4075; x_wconf 89' lang='lat' dir='ltr'>de</span> <span class='ocrx_word' id='word_1_256' title='bbox 1125 4021 1203 4077; x_wconf 83' lang='lat' dir='ltr'>Mart.</span> <span class='ocrx_word' id='word_1_257' title='bbox 1225 4021 1269 4076; x_wconf 86' lang='lat' dir='ltr'>l&#39;l.</span> <span class='ocrx_word' id='word_1_258' title='bbox 1289 4023 1313 4076; x_wconf 81' lang='lat'>4.</span> <span class='ocrx_word' id='word_1_259' title='bbox 1333 4021 1478 4074; x_wconf 85' lang='lat' dir='ltr'>Strobbeus</span> 
     </span>
     <span class='ocr_line' id='line_1_37' title="bbox 254 4110 759 4182; baseline 0.002 -17"><span class='ocrx_word' id='word_1_260' title='bbox 254 4113 293 4182; x_wconf 91' lang='lat' dir='ltr'>(in</span> <span class='ocrx_word' id='word_1_261' title='bbox 313 4111 446 4179; x_wconf 86' lang='lat' dir='ltr'>Philologi</span> <span class='ocrx_word' id='word_1_262' title='bbox 465 4110 537 4165; x_wconf 83' lang='lat' dir='ltr'>Tem.</span> <span class='ocrx_word' id='word_1_263' title='bbox 557 4111 599 4166; x_wconf 88' lang='grc'>26.</span> <span class='ocrx_word' id='word_1_264' title='bbox 618 4126 679 4180; x_wconf 84' lang='lat' dir='ltr'>pag.</span> <span class='ocrx_word' id='word_1_265' title='bbox 698 4110 759 4180; x_wconf 91' lang='grc'><strong>61.).</strong></span> 
     </span>
     <span class='ocr_line' id='line_1_38' title="bbox 361 4199 628 4268; baseline 0 -15"><span class='ocrx_word' id='word_1_266' title='bbox 361 4203 372 4236; x_wconf 75' lang='lat'><strong>⁶</strong></span> <span class='ocrx_word' id='word_1_267' title='bbox 393 4199 446 4255; x_wconf 80' lang='lat' dir='ltr'>Cir.</span> <span class='ocrx_word' id='word_1_268' title='bbox 466 4216 527 4268; x_wconf 87' lang='lat' dir='ltr'>pag.</span> <span class='ocrx_word' id='word_1_269' title='bbox 546 4201 571 4255; x_wconf 91' lang='lat'>8.</span> <span class='ocrx_word' id='word_1_270' title='bbox 590 4214 628 4266; x_wconf 86' lang='lat' dir='ltr'>sq.</span> 
     </span>
    </p>
   </div>
   <div class='ocr_carea' id='block_1_6' title="bbox 0 0 1638 4902">
    <p class='ocr_par' dir='ltr' id='par_1_8' title="bbox 0 0 1638 4902">
     <span class='ocr_line' id='line_1_39' title="bbox 0 0 1638 4902; baseline 0 1"><span class='ocrx_word' id='word_1_271' title='bbox 0 0 1638 4902; x_wconf 95' lang='lat' dir='ltr'> </span> 
     </span>
    </p>
   </div>
  </div>
 </body>
</html>
