3266 4902
817 249 860 310 42

229 455 378 522 cissimos
400 457 510 539 magni
533 457 684 522 momenti
707 462 785 533 erat,
808 463 903 522 antea
926 477 1032 520 servos
1055 455 1103 521 vel
1125 453 1251 538 publice
1266 453 1315 518 nel
1339 453 1378 519 de
1393 449 1473 518 suo'

228 564 316 639 emit,
333 568 370 626 ut
385 583 495 628 revera
511 584 574 627 non
594 563 633 628 de
648 584 774 628 reorum
791 563 887 628 servis
904 561 1048 646 quaestio
1064 559 1161 625 fieret.
1205 559 1351 624 Tiberius
1366 558 1452 624 hanc

229 669 385 734 rationem
397 669 564 750 neglegens
580 688 684 733 servos
697 667 796 733 actori
804 667 932 752 publico
942 666 1076 731 tradidit
1088 672 1119 731 et
1130 665 1173 742 id,
1183 666 1267 748 quod
1276 665 1338 730 huc
1349 685 1453 747 usque

228 795 287 857 per
310 773 523 857 exceptionem
546 775 662 839 factum
678 779 757 848 erat,
772 773 912 856 legitime
928 771 997 836 fieri
1013 772 1134 836 iussit.1
1172 771 1260 851 Quae
1282 792 1341 847 res,
1357 791 1453 853 prae-

230 880 341 945 sertim
353 901 424 944 cum
436 879 499 943 iam
509 879 644 960 Augusti
656 879 739 944 ratio
752 878 839 943 haud
851 878 998 943 omnibus
1007 877 1203 960 placuisset,²
1210 875 1318 941 odium
1326 876 1452 940 movit³

339 985 498 1050 Iuvenalis
510 985 609 1066 igitur
620 984 660 1050 de
672 984 798 1049 Tiberio
809 983 902 1061 idem,
915 982 998 1066 quod
1010 1004 1117 1048 omnes
1129 982 1286 1065 aequales,
1298 981 1450 1046 iudicium

230 1089 308 1154 facit-
324 1110 380 1153 nec
396 1089 435 1153 de
450 1110 507 1154 suo
522 1090 705 1172 imperatori
720 1089 767 1152 illi
782 1090 918 1172 imputat
933 1088 1020 1152 vitia.
1069 1086 1190 1151 Civium
1207 1109 1279 1153 vero
1297 1085 1452 1151 sollicitu-

232 1193 332 1270 dines,
349 1195 492 1277 quamvis
513 1217 551 1260 ex
572 1194 698 1276 ingenio
715 1195 866 1277 depictae,
889 1193 1018 1258 minime
1033 1192 1156 1258 alienae
1171 1200 1245 1257 suut
1265 1191 1305 1256 ab
1321 1192 1394 1268 illis,
1411 1192 1453 1256 de

235 1299 351 1382 quibus
375 1301 490 1381 agitur,
512 1299 718 1383 temporibus,
741 1300 788 1364 ita
809 1305 846 1364 ut
869 1298 1078 1381 descriptione
1093 1298 1197 1380 imago
1214 1299 1299 1362 iusta
1315 1299 1450 1362 oriatur.

343 1456 542 1541 Quamquam
572 1457 614 1523 ad
642 1457 890 1540 cognoscendam
920 1457 1078 1522 luvenalis
1111 1457 1332 1522 auctoritatem
1362 1456 1451 1520 haud

231 1563 279 1626 ita
301 1564 403 1628 multa
425 1564 569 1646 exempla
592 1563 779 1639 examinavi,
802 1563 829 1627 si
853 1562 989 1646 quidem,
1013 1569 1091 1645 quot
1113 1569 1145 1628 et
1167 1584 1263 1645 quam
1278 1562 1383 1626 varias
1398 1583 1451 1625 res

228 1675 325 1750 poeta
348 1675 472 1745 tractet,
496 1668 747 1745 consideramus,
776 1676 881 1734 tamen
912 1668 1104 1752 paucitatem
1134 1667 1336 1750 aliquomodo
1365 1688 1452 1731 oom-

230 1773 358 1855 pensari
383 1773 506 1839 confido
530 1795 568 1838 ea
589 1795 634 1850 re,
669 1774 754 1856 quod
776 1781 931 1856 quantum
964 1773 1054 1856 potui
1087 1772 1172 1838 locos
1202 1773 1282 1856 elegi
1313 1772 1453 1837 maxime

229 1877 360 1944 idoneos
383 1886 415 1944 et
438 1879 523 1962 quod
545 1879 654 1944 multis
685 1879 757 1943 aliis
788 1878 865 1944 loeis
888 1877 961 1945 fidei
984 1878 1140 1960 ambiguis
1172 1877 1274 1944 simile
1297 1878 1449 1943 iudicium

230 1983 446 2049 adhibendum
469 1983 594 2048 videtur
617 2005 683 2048 esse
712 1991 808 2066 atque
840 1984 894 2060 eis,
929 2004 1007 2067 quos
1041 1983 1083 2047 ad
1116 1990 1237 2048 certum
1259 1982 1353 2048 finem
1375 2004 1451 2065 per·

231 2089 388 2154 duximus.
435 2091 540 2172 Atque
563 2087 621 2154 hos
643 2087 708 2152 fere
730 2089 850 2154 fructus
872 2089 1077 2172 percepimus.

336 2194 407 2269 Res,
431 2217 511 2278 quas
534 2196 630 2260 semel
653 2200 684 2258 et
706 2216 727 2259 a
744 2195 837 2259 certis
860 2194 1042 2260 homiuibus
1057 2194 1239 2258 commissas
1255 2215 1322 2258 esse
1337 2200 1453 2258 narrat

228 2299 395 2375 luvenalis,
413 2300 523 2382 utique
537 2298 711 2365 credendae
732 2308 813 2366 sunt.
844 2299 952 2381 Neque
968 2299 1060 2375 enim,
1073 2304 1109 2363 ut
1125 2300 1267 2375 vidimus,
1282 2306 1340 2364 aut
1355 2300 1452 2364 lasci-

230 2405 301 2470 viae
324 2412 380 2470 aut
400 2405 461 2470 ioci
480 2413 537 2469 aut
552 2404 701 2488 ponderis
722 2426 820 2470 causa
844 2405 961 2470 scelera
981 2403 1087 2487 fingit3
1110 2405 1358 2487 grauissimaque
1371 2405 1450 2470 faci-

229 2530 341 2574 norum
373 2512 517 2594 exempla
550 2511 644 2575 certis
667 2512 863 2593 argumentis
890 2531 965 2576 vera
991 2530 1058 2575 esse
1078 2509 1277 2594 comprobari
1304 2518 1449 2594 possunt.

229 2615 383 2680 Rumores
403 2616 504 2681 tradit
522 2616 691 2682 rarissime.

339 2721 537 2804 Temporum‚
571 2742 653 2804 quae
687 2720 919 2797 describuntur,
953 2720 1087 2803 effigiem
1124 2720 1270 2785 omuibus
1301 2720 1451 2804 partibus

230 2827 348 2891 iustam
371 2834 402 2891 et
429 2848 544 2902 veram,
579 2849 649 2892 oum
683 2833 715 2892 et
749 2827 887 2910 pessima
920 2847 1042 2909 semper
1075 2827 1209 2890 ducatur
1237 2826 1386 2909 opinione
1415 2835 1451 2890 et

232 2932 398 2996 verborum
423 2931 640 3014 orationisque
673 2952 822 3013 pompam
855 2930 979 2995 artibus
1013 2930 1179 2996 rhetoricis
1209 2938 1352 3007 sectetur,
1382 2952 1448 2995 non

228 3036 407 3101 adumbrat.
455 3036 520 3100 Nec
542 3057 614 3100 vero
638 3036 684 3101 ita
700 3036 750 3100 his
767 3036 851 3100 vitiis
867 3036 1002 3114 laborat,
1026 3043 1062 3101 ut
1078 3057 1127 3101 res
1148 3036 1235 3120 ipsas
1251 3037 1449 3120 detorqueat,

230 3141 265 3205 id
288 3140 373 3225 quod
395 3141 504 3205 multis
527 3141 604 3205 locis
619 3141 680 3206 uiri
696 3140 780 3206 docti
797 3142 865 3207 sine
880 3142 972 3207 iustis
988 3143 1092 3207 causis
1113 3143 1234 3206 iniuria
1250 3147 1449 3218 statueruut;

227 3246 284 3311 sed
306 3247 483 3323 verborum,
506 3247 621 3329 quibus
645 3247 746 3312 utitur
769 3247 972 3330 gravissimis,
995 3248 1022 3312 si
1045 3248 1160 3312 adimis
1183 3248 1371 3330 gravitatem
1394 3268 1448 3311 co-

227 3353 403 3434 lorumque,
425 3373 504 3434 quos
527 3359 614 3416 amat
637 3352 870 3436 pinguissimos,
903 3353 983 3430 vim,
1017 3373 1067 3417 res
1101 3353 1188 3436 ipsas
1222 3352 1320 3418 habes
1343 3373 1443 3417 veras.

226 3457 373 3540 Denique
395 3456 451 3521 ubi
474 3464 612 3522 veterum
635 3479 741 3522 rerum
770 3457 953 3522 memoriam
983 3480 1022 3524 ex
1051 3458 1178 3540 ingenio
1209 3478 1266 3522 suo
1294 3458 1450 3542 depingit,

227 3563 314 3628 ultra
337 3562 481 3626 veritatis
503 3563 638 3644 speciem
660 3583 724 3627 nou
747 3563 958 3645 progreditur.

336 3667 459 3731 Harum
481 3688 587 3732 rerum
610 3668 636 3732 si
661 3668 694 3732 in
718 3668 956 3750 interpretando
980 3670 1129 3734 Iuvenale
1151 3690 1304 3735 memores
1327 3691 1448 3745 sumus,

227 3794 266 3836 ex
279 3772 384 3838 decem
397 3775 565 3856 praecipue
577 3773 739 3856 prioribus
756 3775 873 3839 saturis
885 3774 927 3839 ad
943 3775 1178 3857 investigandos
1194 3775 1280 3840 illius
1295 3775 1450 3856 temporis

227 3899 330 3942 mores
342 3879 476 3943 multum
490 3878 556 3942 veri
568 3886 730 3961 tamquam
748 3901 787 3944 ex
805 3878 891 3944 fonte
908 3881 992 3962 iugis
1008 3902 1111 3963 aquae
1129 3881 1258 3946 haurire
1270 3901 1448 3964 possumus.

335 4040 344 4069 ¹
365 4035 419 4090 etr.
439 4035 499 4089 Tac.
517 4054 577 4095 ann,
596 4035 632 4091 ΙΙ.
652 4037 703 4104 30.,
722 4035 772 4095 ΠΙ.
791 4039 834 4092 67.

335 4127 345 4158 ²
366 4123 418 4177 cfr.
437 4123 469 4177 D.
489 4123 562 4179 Casa.
583 4129 624 4180 55.
646 4127 670 4179 5.

333 4215 345 4246 ⁸
364 4209 418 4266 Cir.
439 4211 498 4266 Tac.
518 4229 578 4268 aun.
598 4212 634 4272 11.
653 4213 695 4268 30.
717 4211 836 4288 tcallidus
854 4215 881 4266 et
899 4214 959 4266 novi
977 4213 1042 4267 iuris
1060 4217 1191 4282 repertor.

675 4325 991 4348 *ω’-..μ-
