3266 4902
174 422 235 488 hoo
250 423 379 488 minime
395 423 637 507 vituperandum
653 430 709 490 est.
756 425 861 507 Ipsam
878 445 982 488 rocem
1000 411 1134 520 ‘tragici'
1150 423 1245 488 nimis
1260 445 1388 506 gravem

171 549 238 594 esse
260 535 293 595 et
315 529 442 594 modurn
466 530 613 596 excedere
636 551 699 594 non
723 549 817 611 nego.¹

277 653 338 718 Sed
369 651 438 718 fieri
466 658 580 736 potest,
611 659 648 717 ut
677 653 771 718 rebus
801 673 858 736 per
887 673 919 716 se
947 653 1038 730 serie,
1067 654 1094 717 si
1125 653 1219 718 nimis
1248 653 1332 717 inter
1355 675 1388 718 se
1443 677 1446 683 ·

171 757 338 840 illigantur
361 765 466 841 etque·
480 765 693 841 opponuntur,
716 759 873 824 sententia
896 758 1019 824 orietur
1034 759 1163 824 omnino
1177 758 1268 826 false.
1306 759 1387 824 Nam

171 864 201 928 si
229 872 324 947 poete
354 865 457 930 dicere
487 865 622 929 voluerit
645 865 864 929 Domitianum
887 887 943 948 per
967 871 1082 941 totum,
1114 886 1176 949 quo
1199 865 1387 948 imperabat,

169 977 294 1052 tempus
317 977 491 1035 ceterorum
515 969 664 1035 libidines
687 990 793 1035 serere
815 971 997 1046 coercuisse,
1021 970 1081 1035 sibi
1099 971 1158 1035 hec
1180 971 1214 1034 in
1237 993 1271 1036 re
1293 972 1387 1035 nimis

170 1074 349 1152 indulsisse,
365 1077 413 1141 vel
430 1076 458 1140 si
473 1076 648 1141 Domitiani
672 1076 728 1140 ille
742 1077 846 1159 turpis
862 1076 1048 1141 concubitus
1064 1083 1095 1141 et
1109 1076 1212 1158 legum
1229 1077 1387 1142 restitutio

169 1181 313 1262 longiore
330 1183 480 1264 temporis
503 1181 671 1247 intervallo
687 1181 846 1246 disiuncta
861 1180 934 1260 sint,
949 1190 1052 1264 poete,
1069 1183 1144 1265 quie
1168 1183 1269 1247 utitur
1284 1183 1388 1248 verbis

172 1293 259 1384 ttnnc
275 1324 316 1334 —
333 1275 414 1352 cum'
438 1309 477 1352 ex
500 1287 659 1352 industria
683 1289 716 1352 in
740 1288 911 1369 legentium
935 1289 1049 1353 animis
1072 1287 1184 1352 falsam
1209 1289 1388 1372 opinionem

172 1393 311 1457 excitare
341 1392 554 1457 convincatur.
606 1393 742 1457 Exsistit
772 1393 871 1475 igitur
902 1395 1061 1476 quaestio,
1091 1399 1198 1459 utrum
1228 1394 1388 1459 luvenalis

172 1498 260 1562 salva
283 1499 416 1563 veritate
432 1497 490 1563 hes
513 1519 564 1563 res
586 1504 652 1563 tam
675 1505 744 1563 erte
759 1499 959 1565 coniunxerit
982 1520 1088 1563 necne.
1127 1499 1233 1583 Atque
1252 1491 1388 1565 editores

171 1603 206 1667 in
222 1604 306 1669 hanc
328 1625 394 1668 rem
417 1604 577 1686 inquirere
593 1604 781 1680 omiserunt3
804 1605 899 1668 immo
916 1627 954 1670 ex
969 1611 1082 1687 poetae
1105 1605 1208 1670 verbis
1231 1605 1270 1670 de
1293 1606 1388 1670 rebus

173 1709 382 1774 Domitieneis
405 1710 634 1774 concluserunt.
681 1709 853 1793 Rupertius
877 1709 1012 1794 quidem,
1035 1710 1111 1792 quia
1133 1710 1218 1794 apud
1237 1710 1386 1776 Dionem¹

171 1814 288 1896 legitur
311 1802 385 1911 ‘erin
407 1801 531 1878 τούτων’
548 1863 555 1878 .
573 1862 580 1876 .
599 1863 606 1878 .
624 1864 631 1878 .
650 1812 698 1912 (τῇ
719 1802 836 1900 Ἰουλίᾳ
859 1803 1013 1901 συνῴκει),
1038 1814 1122 1899 quod
1143 1816 1185 1881 ad
1202 1836 1319 1880 annum
1337 1820 1388 1881 83.

170 1919 317 2002 pertinet,
340 1919 400 1986 hoc
423 1941 548 2004 quoque
570 1941 654 1986 anno
677 1920 761 2002 leges
784 1920 883 1985 Iulias
905 1921 1069 1986 restitutos
1097 1942 1164 1988 esse
1186 1921 1389 1986 arbitratur·.²

172 2026 293 2091 Desunt
322 2047 398 2091 sene
420 2027 505 2108 apud
534 2047 639 2090 rerum
672 2026 841 2108 scriptores
872 2026 911 2090 de
934 2027 985 2090 his
1015 2027 1109 2092 rebus
1141 2027 1237 2094 rerba
1267 2036 1388 2110 aperte,

170 2130 226 2196 sed
249 2153 286 2196 eo
309 2132 410 2213 magis
433 2129 591 2195 industrie
613 2130 732 2196 indicia
755 2131 804 2195 rel
819 2131 951 2196 minima
966 2131 1189 2215 perquirenda,
1211 2151 1271 2196 nec
1292 2133 1388 2198 rerba

168 2242 282 2321 poetae
303 2243 420 2301 temere
442 2236 626 2319 accipienda
648 2239 746 2300 sunt.8

276 2360 382 2444 Atque
405 2359 444 2424 de
459 2359 559 2425 Iuliae
582 2360 710 2442 quidem
733 2366 835 2426 morte
857 2361 936 2426 haec
959 2361 1128 2427 enucleavi.
1174 2362 1212 2428 In
1235 2368 1388 2440 monetae,

171 2484 268 2546 quam
291 2468 407 2546 supre⁴
430 2463 579 2540 diximus,
601 2466 694 2530 titulo
717 2465 801 2531 Iulie.
824 2466 1004 2549 appellatur
1028 2453 1153 2557 ‘Drvn'3
1185 2467 1387 2533 Domitianus

59 2579 62 2588 ’
170 2575 275 2634 autem
297 2575 365 2634 tum
389 2569 586 2634 consulatum
609 2569 674 2652 egit
689 2569 758 2635 XV.
797 2571 934 2656 (Donum
959 2571 1042 2635 Ave.
1067 2572 1176 2639 Geren.
1201 2571 1274 2639 Cos.
1289 2571 1385 2659 XV.),

278 2784 287 2814 ¹
307 2779 361 2833 (lfr.
380 2777 412 2833 D.
432 2777 505 2833 Cass.
525 2782 567 2834 67.
586 2782 611 2833 3.

276 2885 359 2938 5*Cin
377 2883 456 2938 verbe.
474 2885 594 2952 Rupertii
613 2885 650 2953 (in
668 2888 823 2953 argumento
842 2884 875 2940 ed
900 2888 949 2939 sat.
974 2885 1034 2955 II.):
1071 2885 1163 2962 ‘Nobis
1186 2886 1266 2939 Dioni
1290 2886 1388 2940 sufficit

169 2973 279 3041 credere,
298 2990 314 3028 a
332 2988 382 3040 quo
401 2973 484 3025 scelus
504 2971 616 3025 refertur
634 2972 667 3026 ad
686 2989 783 3026 annum
803 2974 845 3028 83.
883 2972 934 3026 Sed
958 2991 1007 3027 non
1028 2974 1134 3028 obscure
1158 2975 1213 3041 ipse
1232 2975 1322 3043 arguit
1340 2974 1385 3028 lu-

170 3060 278 3128 venalis,
297 3061 345 3112 hoc
363 3059 450 3112 eodem
471 3063 585 3127 ternpore
604 3060 692 3128 fuisse,
717 3063 748 3113 ut
771 3061 896 3129 principis
921 3061 1004 3115 edicto
1027 3062 1107 3138 tleges
1125 3055 1238 3116 amaree'
1263 3064 1289 3116 in
1309 3078 1385 3116 usum

169 3140 367 3202 revocarentur.'

276 3252 471 3306 ³Heinriohins
489 3253 564 3307 haec:
588 3252 697 3331 ‘Gerade
721 3270 754 3306 zu
774 3252 848 3322 jener
871 3253 936 3316 Zeit,
965 3253 1006 3306 sls
1030 3254 1071 3307 die
1096 3252 1251 3308 Gesehichte
1274 3255 1323 3307 mit
1342 3254 1386 3309 der

169 3342 265 3396 Nichte
283 3341 450 3412 allgemeines
469 3341 600 3396 Aufsehen
620 3343 728 3410 erregtq
753 3341 863 3410 erfolgte
889 3339 970 3394 durch
994 3341 1035 3394 ein
1055 3340 1137 3394 Ildilrt
1155 3340 1196 3395 die
1214 3342 1386 3412 Erneueruug

169 3429 215 3483 der
232 3430 274 3482 lex
291 3430 361 3483 Iulia
379 3431 411 3483 de
429 3428 574 3498 adulteriis,
594 3430 634 3483 ein
654 3428 821 3498 emporender
840 3428 978 3482 Contrest!
1015 3428 1052 3481 Es
1070 3428 1158 3482 erhrn
1170 3428 1217 3483 dos
1229 3429 1344 3483 Faktum
1358 3431 1385 3484 in

168 3517 312 3586 Ansehung
330 3516 414 3570 dieser
436 3518 606 3586 Erneuerung
633 3533 681 3572 eus
709 3516 754 3571 der
782 3517 862 3570 Stelle
889 3515 934 3569 des
957 3516 1067 3570 Iuvensl
1091 3517 1211 3586 zugleich
1234 3519 1291 3572 eine
1316 3519 1385 3572 Zeit-

169 3605 346 3672 bestimmnng
367 3605 411 3674 [?]‚
429 3605 483 3659 und
501 3622 561 3659 man
580 3605 649 3658 sieht
667 3605 733 3659 auch
752 3605 826 3673 noch,
845 3621 895 3658 von
914 3604 1023 3658 welcher
1042 3605 1099 3658 Zeit
1117 3622 1150 3658 en
1165 3605 1200 3674 [l]
1221 3605 1269 3659 des
1287 3606 1384 3660 hench-

168 3693 277 3748 lerische
295 3693 420 3746 Unwesen
440 3693 485 3746 der
502 3693 615 3748 Grossen
633 3694 660 3746 in
679 3694 754 3761 Rern,
779 3693 889 3747 welches
913 3709 1004 3747 unsere
1023 3693 1107 3747 Setire
1131 3693 1264 3763 schildert,
1289 3693 1386 3749 datiert

168 3780 268 3834 werden
288 3773 378 3835 muss.‘
414 3780 500 3834 Multa
518 3781 605 3850 rerba,
624 3781 774 3834 testimonie
798 3781 879 3835 nulla.
916 3781 1051 3835 Weidner:
1081 3780 1251 3856 (Gleiohwohl
1274 3782 1385 3850 erfolgte

168 3884 212 3920 um
231 3867 342 3922 dieselbe
361 3868 418 3922 Zeit
435 3867 518 3922 durch
536 3869 577 3921 ein
597 3868 677 3923 Edikt
694 3868 737 3921 die
755 3869 926 3936 llrneuerung
950 3868 995 3922 der
1018 3868 1059 3923 lex
1082 3869 1151 3922 Iulis
1176 3867 1208 3923 de
1236 3869 1383 3923 adulteriis.

169 3954 210 4024 (In
228 3954 340 4010 editione
358 3957 442 4010 altera
460 3956 491 4010 de
509 3959 623 4024 tompore
642 3956 709 4010 nihil
728 3956 809 4024 dicit.)
846 3956 898 4010 Cir.
920 3956 992 4011 Suet.
1011 3957 1058 4012 vit.
1078 3957 1152 4010 Dom.
1172 3958 1214 4012 22.
1234 3959 1265 4010 A.
1285 3957 1383 4026 Irnhof,

168 4059 229 4113 pag.
248 4037 299 4097 95?
335 4042 385 4098 Sed
403 4060 485 4113 neque
503 4043 573 4112 apud
592 4044 743 4098 Suetonium
762 4060 845 4112 neque
864 4043 934 4112 apud
953 4044 1093 4099 lmhofium
1118 4044 1149 4099 de
1173 4049 1289 4113 tempore
1307 4044 1383 4112 qnid-

167 4147 245 4200 quam
264 4130 369 4200 legitur.

273 4240 285 4271 ⁴
302 4237 357 4292 Cfr.
376 4238 455 4292 huius
474 4238 697 4293 commentationis
716 4253 776 4307 pag.
795 4239 837 4292 31.
