3266 4902
826 255 866 319 10

238 466 339 549 genio,
363 466 449 532 editi.
495 465 602 548 Longe
624 466 785 550 praevalet
807 465 985 542 auster-itae,
1010 465 1056 530 ita
1079 471 1115 530 nt
1138 465 1277 548 Scaliger
1293 465 1450 531 Iuvenalis

238 581 363 638 saturas
385 573 602 657 appellaverit,
626 559 794 671 (tragicas'.
841 574 891 637 Et
905 572 1009 636 hercle
1032 593 1101 636 curn
1125 573 1258 637 Horatio
1283 580 1314 638 et
1337 579 1451 637 natura

238 679 335 743 hilari
359 685 389 743 et
412 689 555 762 tempora
578 679 695 743 videnti
718 679 804 744 laeta
827 679 929 743 ridere
951 678 1085 755 licuerit,
1109 678 1266 742 Iuvenalis
1295 699 1391 754 mens,
1415 685 1450 743 ut

239 791 308 850 erat
330 807 454 852 severus
478 793 508 849 et
531 786 652 868 positus
675 786 759 849 inter
782 785 901 848 medias
924 792 1131 869 tyrannorum
1155 784 1312 860 libidines,
1335 785 1450 848 civium

238 891 429 967 servitutem,
460 892 599 956 omnium
627 889 762 973 flagitia,
785 890 961 973 angebatur
991 891 1108 967 dolore,
1141 891 1195 974 qui
1228 891 1452 956 exardescebat

238 996 278 1060 ad
303 997 553 1079 indignationem
577 1003 608 1062 et
631 997 720 1060 iram.
767 998 880 1080 Itaque
903 997 963 1060 ioci
988 1017 1082 1061 causa
1109 1018 1159 1061 res
1186 1003 1294 1080 turpes
1324 997 1452 1060 minime

238 1101 357 1186 fingere
379 1125 459 1186 opus
482 1110 558 1179 erat,
582 1103 658 1186 quia
681 1103 814 1168 materia
837 1104 947 1186 ingens
971 1103 1055 1168 ultro
1079 1103 1351 1186 suppeditabatur.

345 1209 493 1274 Attamen
517 1209 676 1274 Iuvenalis
700 1209 910 1284 festivitatem,
934 1230 1137 1292 quaecunque
1167 1217 1223 1286 est,
1246 1209 1331 1274 haud
1362 1208 1452 1292 parvi

239 1315 388 1379 momenti
412 1337 478 1380 esse
501 1315 646 1380 existimo
678 1316 718 1380 ad
743 1315 859 1378 multos
882 1314 967 1379 locos
990 1322 1074 1379 recte
1097 1315 1323 1398 percipiendos.
1371 1315 1452 1380 Nam

239 1421 322 1503 quod
347 1421 379 1485 in
404 1422 584 1486 universum
608 1421 646 1485 de
669 1421 828 1485 Iuvenalis
851 1421 968 1484 saturis
991 1420 1234 1504 interpretandis
1257 1422 1339 1485 dixit
1361 1421 1452 1485 Mad-

238 1527 365 1608 vigius,¹
383 1548 475 1611 saepe
497 1533 608 1610 poetae
624 1527 773 1610 imputari
790 1527 972 1603 sententiae,
989 1548 1068 1610 quas
1090 1527 1216 1591 omnino
1232 1548 1295 1592 non
1319 1527 1452 1592 voluerit

239 1633 342 1698 verbis
372 1633 481 1710 inesse,
505 1634 564 1698 hoc
595 1634 762 1716 praecipue
791 1633 929 1716 pertinet
958 1633 1000 1698 ad
1030 1633 1096 1698 eius
1118 1633 1275 1699 facetias.²
1319 1635 1366 1699 De
1389 1655 1452 1716 qua

238 1738 395 1803 refusius
418 1760 511 1822 agere
534 1761 596 1804 non
620 1740 653 1803 in
685 1741 790 1804 animo
815 1746 870 1814 est,
895 1745 997 1804 tamen
1022 1761 1124 1824 pauca
1154 1739 1267 1804 afferre
1289 1740 1384 1804 liceat
1413 1740 1452 1802 de

238 1866 351 1926 genere
367 1845 589 1910 luvenalianae
610 1846 790 1909 festivitatis
820 1845 924 1909 adhuc
949 1867 1061 1928 parurn
1085 1854 1241 1929 respecto:
1265 1847 1304 1911 de
1319 1845 1452 1928 paradia

147 1941 149 1945 ¹
239 1956 270 2014 et
292 1951 451 2027 travestia,
480 1973 561 2034 quae
584 1951 759 2015 dicuntur.⁸
804 1950 913 2034 Neque
944 1952 1027 2016 enirn
1058 1951 1104 2015 ita
1135 1951 1256 2016 iocatur
1284 1951 1451 2023 interdurn,

238 2063 274 2121 ut
296 2043 454 2123 describat
476 2079 526 2123 res
549 2078 606 2140 per
629 2079 662 2121 se
688 2057 838 2121 ridiculas
869 2063 925 2121 aut
947 2057 1134 2121 comicorum
1165 2078 1251 2121 more
1274 2056 1451 2121 occasiones

238 2162 287 2228 vel
310 2162 540 2246 implicationes
571 2162 728 2245 excogitet
755 2162 903 2245 lepidas,4
927 2163 980 2227 sed
1004 2169 1040 2226 ut
1067 2168 1201 2227 sectetur
1224 2161 1319 2226 verba
1342 2161 1452 2244 gravia

238 2269 271 2332 in
296 2269 390 2333 rebus
413 2269 583 2346 vilissimis,
606 2269 683 2333 vilia
706 2269 739 2331 in
763 2268 966 2351 gravissimis.
1011 2267 1081 2331 Non
1104 2268 1202 2332 solnm
1221 2268 1356 2343 Homeri,
1374 2269 1452 2332 Ver-

238 2375 316 2456 gilii,
339 2381 511 2440 ceterorum
542 2381 704 2458 poetarum
734 2373 829 2439 verba
858 2381 914 2438 aut
943 2374 1012 2456 ipsa
1043 2373 1199 2438 interdum
1222 2378 1375 2457 usurpat⁵
1397 2381 1453 2438 aut

238 2486 367 2564 aperte6
397 2481 444 2545 vel
475 2481 625 2546 obscureI
649 2479 826 2563 significat,
858 2501 965 2544 verum
995 2480 1088 2544 etiarn
1121 2479 1160 2544 de
1190 2502 1246 2544 suo
1277 2502 1370 2564 saepe
1401 2503 1453 2544 sn-

347 2713 356 2742 ¹
375 2709 429 2763 Cir.
449 2709 575 2777 Madvigii
602 2711 649 2785 (De
667 2709 730 2762 locis
749 2709 850 2777 aliquot
867 2709 998 2762 Iuvenalis
1022 2708 1224 2776 interpretandis
1249 2702 1401 2776 disputatio'
1425 2707 1452 2760 in

241 2813 328 2864 opusc.
347 2795 469 2863 academ,
489 2797 519 2851 Τ.
538 2798 559 2851 1.
579 2814 639 2866 pag.
658 2799 701 2852 40.

346 2885 429 2939 ‘²Cir.
449 2901 514 2952 quac
533 2885 618 2936 minus
640 2885 737 2938 urbane
762 2885 826 2937 dicit
849 2886 879 2938 C.
907 2884 948 2938 Fr.
973 2884 1138 2937 Heinriclrius
1162 2885 1203 2951 (I).
1228 2884 1296 2936 Iunii
1322 2883 1452 2936 luvenalis

240 2973 353 3034 saturae)
372 2973 404 3025 ad
424 2973 500 3026 Xlll.
514 2975 570 3026 It:
590 2973 637 3047 ‘An
658 2971 822 3039 dergleiclren
842 2972 990 3024 lomischen
1010 2973 1097 3038 Zligen
1115 2973 1152 3024 ist
1170 2972 1276 3024 Iuvenal
1296 2971 1453 3038 1·eiclr,aber

240 3060 280 3114 dic
300 3063 440 3128 wenigsten
458 3060 516 3112 sind
535 3060 622 3113 bisber
641 3060 714 3112 reclrt
726 3060 824 3128 gelasst
837 3059 947 3114 worden.
976 3061 1027 3112 Iler
1040 3060 1220 3113 Iuvenaliselro
1235 3061 1304 3113 WItz
1319 3060 1354 3112 ist
1373 3064 1453 3112 etwas

239 3149 359 3217 Eigenes,
380 3149 432 3200 und
451 3148 492 3201 dio
513 3148 639 3216 Ausleger
657 3148 715 3200 sind
734 3149 813 3201 theils
832 3165 865 3200 zu
884 3147 1024 3214 ernsthait,
1043 3147 1122 3200 tlrcils
1141 3165 1172 3200 zu
1192 3148 1388 3216 sturnpfsinnig,
1408 3164 1451 3199 um

242 3237 296 3290 sich
315 3237 389 3290 darin
409 3253 442 3289 zu
461 3229 564 3291 finden'

348 3328 359 3359 ³
378 3325 449 3390 Quae
472 3325 520 3378 ioci
544 3340 639 3392 genera
658 3341 706 3377 non
727 3325 880 3377 tractavisse
899 3325 929 3378 E.
948 3324 1115 3377 Neissnerum
1144 3323 1237 3391 (Uebor
1256 3323 1302 3375 das
1321 3322 1452 3374 lrornisclre

246 3413 363 3466 Elenrent
386 3413 412 3465 in
438 3412 486 3465 den
510 3412 612 3466 Satiren
638 3411 682 3465 des
706 3413 738 3466 D.
757 3411 848 3464 Iunius
869 3413 1011 3478 iuvenalia,
1047 3412 1139 3478 Progr.
1164 3410 1189 3466 d.
1214 3412 1308 3479 Gyrnn.
1331 3427 1390 3463 zum
1416 3409 1453 3464 hl.

243 3502 337 3568 Krenz,
355 3500 469 3554 Dresden
492 3500 569 3566 1876)
588 3500 699 3552 maxime
718 3501 804 3552 rniror.

346 3592 356 3622 4
375 3588 501 3655 Exempla
520 3589 587 3640 sicut
604 3587 625 3642 1.
647 3589 705 3640 123.
725 3603 762 3654 sq.
782 3590 808 3639 et
825 3587 873 3640 III.
894 3589 954 3642 288.
974 3603 1014 3655 sq.
1033 3604 1081 3639 non
1102 3590 1164 3638 sant
1182 3587 1274 3639 rnnlta.

345 3676 429 3730 ⁵Clr.
450 3677 505 3730 lav.
525 3676 546 3729 I.
565 3677 607 3729 43.
628 3705 661 3712 —-
681 3675 756 3728 Horn.
776 3675 807 3729 Il.
828 3676 879 3742 33,
899 3675 978 3742 Vorg.
998 3675 1028 3729 Α.
1049 3675 1084 3728 ΙΙ,
1104 3676 1178 3741 379.;
1198 3673 1255 3728 luv.
1276 3674 1312 3728 II.
1332 3677 1374 3740 oo,
1396 3674 1453 3727 loo.

240 3795 273 3803 —-
293 3765 371 3831 Verg.
392 3765 421 3817 Α.
442 3764 491 3817 III.
512 3765 571 3818 268.
591 3766 618 3816 et
635 3763 697 3816 XII.
717 3765 772 3828 94.;
800 3764 857 3816 Iuv,
882 3764 931 3816 III.
959 3765 1016 3828 198,
1039 3764 1096 3817 199.
1123 3761 1453 3830 —V01·g.n.11.311.;

239 3853 296 3906 Inv.
315 3853 365 3906 Ill.
385 3853 444 3918 279,
464 3853 524 3906 280.
541 3881 573 3890 -
589 3852 664 3905 Hom.
677 3850 709 3904 II.
723 3851 820 3905 XXIV.
835 3855 874 3916 9.;
895 3851 951 3905 Iuv.
965 3851 1026 3905 Vll.
1042 3852 1100 3905 115.
1117 3881 1148 3888 -
1163 3849 1237 3904 Ovid.
1253 3853 1313 3902 met.
1326 3849 1403 3902 XIII.
1418 3850 1454 3914 l.;

239 3941 296 3994 Iuv.
310 3941 356 3994 IX.
370 3941 412 3994 37.
423 3971 456 3978 -
468 3939 542 3992 Hom.
556 3939 604 3992 Od.
615 3938 687 3992 XVI.
703 3940 762 3992 294.
776 3941 803 3990 et
812 3938 884 3992 XIX.
903 3939 956 4004 13.;
970 3939 1026 3992 Iuv.
1036 3939 1083 3992 IX.
1096 3939 1154 3993 102.
1166 3968 1198 3976 -
1210 3938 1288 4002 Verg.
1301 3937 1354 3990 acl.
1366 3936 1400 3989 Il.
1412 3939 1453 3990 69.

345 4028 428 4082 ren.
448 4028 504 4082 Iuv.
524 4028 545 4081 l.
565 4028 686 4081 rsa-84.
708 4058 739 4064 —
759 4025 835 4080 Ovid.
855 4028 914 4080 niet.
934 4027 955 4081 I.
975 4028 1035 4080 318.
1054 4043 1106 4094 sq.;
1126 4027 1181 4079 Iuv.
1203 4025 1237 4079 ΙΙ.
1259 4025 1300 4078 31.
1322 4055 1355 4062 -
1378 4024 1452 4080 llorn.

240 4116 273 4170 Il.
292 4116 368 4170 VIII.
388 4117 462 4176 267.;
483 4116 538 4169 Iuv.
557 4115 594 4169 II.
614 4116 656 4168 46.
677 4144 709 4152 -
730 4114 805 4167 Hom.
825 4113 859 4167 Il.
879 4114 951 4167 XVI.
971 4116 1030 4168 214.

349 4209 358 4238 ⁷
377 4203 431 4257 cn.
450 4203 500 4256 111.
519 4203 588 4269 261,
613 4218 664 4270 quo
691 4202 745 4254 loco
769 4205 858 4269 poetae
882 4202 991 4255 forsitan
1016 4206 1077 4255 ante
1102 4201 1189 4254 oculos
1208 4204 1310 4253 versata
1328 4202 1368 4252 est
1386 4217 1455 4252 mors

242 4293 362 4345 Hectoris
375 4290 607 4359 Andromacheque
625 4306 683 4343 earn
704 4290 801 4343 frustra
814 4294 973 4358 exspectans.
1002 4291 1057 4345 Clr.
1071 4290 1146 4343 Horn.
1161 4289 1193 4342 ll.
1207 4289 1291 4342 XXII.
1306 4305 1329 4343 v.
1343 4290 1403 4342 437.
1417 4305 1455 4356 sq.
