3266 4902
739 281 779 348 19

153 492 193 560 de
215 492 370 578 patribus,
393 491 449 575 qui
471 489 609 558 filiorum
632 493 891 578 praeceptoribus
914 513 1042 581 parcam
1058 492 1234 560 concedunt
1249 515 1365 560 merce·

154 601 231 665 dem.
278 600 338 666 Sed
364 599 578 676 Quintilianus
601 601 669 683 ipss
691 623 812 686 pauper
835 623 898 667 non
922 609 999 667 erat.
1049 600 1160 684 Itaque
1183 609 1286 684 poeta,
1310 601 1363 685 qui

153 707 214 772 hoc
236 707 298 772 sibi
321 707 438 790 opponi
461 727 553 790 posse
575 705 669 784 videt,
693 706 782 772 illum
805 707 933 773 insolito
956 707 1101 772 fortunae
1124 706 1274 772 beneficio
1290 729 1365 790 opes

153 835 224 878 suas
263 812 376 878 debere
414 813 513 877 addit.
566 812 686 878 Notum
722 821 770 878 est
804 813 1036 890 Quintilianum
1072 813 1208 895 primum
1247 813 1366 878 Rornae

152 919 310 1002 publicam
335 919 475 983 scholam
498 919 659 1002 aperuisse
684 925 715 983 et
738 920 890 984 salarium
914 940 930 984 e
952 917 1027 984 fisco
1051 919 1207 1002 accepisse
1232 924 1364 984 centena

153 1025 297 1089 sestertia
311 1029 331 1086 ¹.
374 1024 503 1090 Accedit
525 1024 608 1107 quod
632 1025 804 1108 discipulos
827 1024 966 1090 habebat
986 1031 1017 1089 et
1032 1025 1145 1089 divites
1161 1031 1193 1089 et
1207 1025 1366 1100 liberales,

154 1131 271 1196 liberos
299 1131 401 1195 Flavii
432 1129 601 1196 Clementis
611 1133 631 1208 2,
661 1131 799 1195 Plinium
832 1131 1017 1195 minorem³.
1079 1132 1191 1213 ltaque
1224 1131 1365 1196 dubitari

154 1236 280 1319 nequit,
310 1237 386 1319 quin
416 1235 503 1301 dives
533 1235 635 1301 fuerit.
682 1236 743 1301 Sed
772 1236 940 1301 nonnulli⁴
962 1237 1141 1320 perturbati
1173 1243 1247 1300 sunt
1269 1236 1365 1301 Plinii

154 1342 244 1425 epist.
262 1342 315 1404 Vl.
334 1344 385 1405 32.
431 1341 480 1406 Ibi
505 1343 587 1405 enim
602 1341 726 1406 Plinius
743 1341 940 1418 Quintiliano
963 1342 1005 1408 ad
1028 1342 1243 1407 collocandam
1266 1341 1365 1406 filiam

156 1445 387 1530 qninquaginta
417 1447 519 1511 millia
547 1468 708 1511 nummum
740 1446 848 1524 offert,
879 1449 953 1531 quia
976 1449 1128 1546 ,modicus
1151 1435 1366 1513 facultatibus'

155 1551 259 1620 fuerit.
306 1551 394 1628 Quod
424 1552 551 1617 minime
574 1558 731 1636 repugnat
753 1554 911 1618 luvenalis
933 1553 1046 1618 verbis.
1086 1553 1168 1618 Nam
1191 1554 1244 1617 bic
1267 1552 1367 1629 Quin-

155 1659 286 1723 tilianus
309 1657 392 1723 idem
417 1679 478 1724 non
503 1666 550 1723 est
572 1680 610 1723 ac
632 1659 738 1724 clarus
761 1659 816 1725 ille
838 1659 955 1725 rhetor.
995 1660 1117 1724 Plinius
1141 1660 1225 1724 enim
1248 1659 1366 1723 donum

155 1761 289 1828 offerens
312 1765 509 1847 praeceptori
533 1785 590 1828 sno
613 1765 697 1848 grati
721 1786 796 1847 erga
818 1786 887 1828 eum
904 1765 1002 1828 animi
1018 1765 1159 1848 aliquam
1175 1765 1367 1829 mentionem

155 1891 218 1934 non
243 1870 514 1952 praetermisisset,
537 1870 723 1953 praesertim
747 1891 818 1934 cum
834 1870 1082 1954 diligentissime,
1105 1891 1145 1934 ne
1160 1870 1366 1952 accipientem

156 1975 303 2040 donando
326 1975 474 2052 laederet,
497 1995 625 2058 operam
648 1975 776 2052 daret⁵;
799 1981 866 2040 tum
889 1976 1023 2058 triginta
1046 1975 1138 2040 annis
1160 1975 1263 2039 minor
1286 1981 1364 2039 natu

264 2180 346 2276 1crr.
366 2222 436 2276 seer.
456 2222 504 2278 vu.
523 2221 600 2289 vesp.
623 2223 662 2276 rs.

263 2329 345 2382 ⁹Cfr.
366 2328 453 2393 Quint.
474 2327 506 2380 de
524 2329 608 2381 instit.
626 2330 691 2382 orat.
711 2328 727 2396 θ
746 2330 770 2382 2.
791 2328 912 2395 prooemii
932 2327 966 2381 ad
984 2328 1043 2383 libr.
1063 2328 1109 2383 IV.
1129 2329 1204 2404 ,Com
1223 2345 1283 2383 vero
1302 2329 1367 2383 mibi

156 2417 321 2470 Donritianns
340 2417 476 2485 Augustus
496 2417 591 2468 sororis
604 2433 665 2470 suae
678 2419 800 2484 nepotum
815 2415 975 2485 delegaverit
987 2433 1083 2483 curam,
1102 2433 1152 2470 non
1167 2418 1231 2470 satis
1245 2417 1366 2470 bonorem

156 2505 309 2558 iudiciorum
323 2504 473 2557 caelestium
487 2503 647 2572 intellegam,
661 2505 753 2556 nisiex
768 2505 816 2557 boo
828 2505 912 2556 oneris
924 2519 1024 2572 quoquc
1037 2505 1244 2573 magnitudinem
1259 2499 1368 2559 metiar.'

262 2609 346 2663 8Cfr.
370 2609 438 2664 Plin.
462 2625 501 2677 ep.
527 2609 562 2662 ll.
589 2611 629 2662 14.
648 2611 673 2664 9.
697 2610 744 2684 ,ita
768 2612 835 2662 certe
859 2625 889 2662 er
913 2609 1091 2678 Quintiliano,
1116 2614 1280 2679 praeceptore
1304 2628 1369 2680 nico,

156 2697 259 2751 audisse
277 2689 400 2751 memini'.
437 2697 483 2749 Vl.
503 2698 527 2750 6.
547 2697 571 2750 3.
597 2695 639 2773 1ad
656 2695 806 2765 audiendos,
825 2713 889 2764 quos
908 2700 972 2750 tunc
989 2713 1037 2766 ego
1056 2697 1268 2768 frequentabam,
1286 2699 1370 2764 Qnin-

123 2812 127 2819 ·
155 2786 286 2854 tiliacum,
305 2785 415 2838 Niceten
432 2783 597 2838 Sacerdotem
616 2777 779 2838 ventitabat.²

262 2883 276 2926 ⁴*
292 2891 351 2968 ,Sed
369 2890 496 2959 quomodo
515 2890 692 2956 Quintilianus
709 2892 765 2943 tam
785 2889 857 2944 divos
876 2888 927 2944 dici
945 2893 1044 2958 potest,
1068 2905 1144 2958 quem
1163 2890 1266 2944 Plinius
1285 2891 1369 2960 Epist

156 2981 204 3047 Vl,
223 2981 265 3034 32.
302 2979 408 3032 Traiani
432 2977 517 3031 adhuc
541 2978 699 3046 temporibus
724 2979 810 3032 animo
834 2978 936 3046 quidem
957 2978 1150 3047 beatissimum,
1175 2978 1220 3032 sed
1238 2979 1368 3033 modicum

156 3067 328 3122 facultatibus
352 3066 431 3120 luisse
457 3065 557 3119 tradit?
594 3065 673 3118 Dives
691 3066 776 3119 vocari
794 3067 877 3133 possit
896 3071 1014 3133 respectu
1032 3066 1143 3120 aliorum
1163 3067 1305 3135 rhetorum,
1324 3068 1369 3134 qui

156 3155 314 3224 pauperrimi
333 3156 416 3221 erant,
435 3156 462 3206 et
480 3152 596 3206 modicus
610 3152 781 3206 facultatibus
795 3157 912 3221 respectu
926 3153 1016 3221 Plinii,
1034 3155 1079 3222 qui
1093 3153 1238 3207 ditissimus
1252 3154 1310 3207 fuit.
1324 3195 1330 3208 .
1344 3194 1370 3209 ..

156 3243 284 3309 Quoniam
304 3259 363 3295 vero
381 3244 423 3295 tot
440 3241 534 3294 habuit
552 3241 644 3308 saltus,
662 3243 753 3293 tantas
771 3241 858 3308 potius
874 3256 934 3308 opes
946 3244 1007 3308 post
1018 3242 1153 3308 epistolam
1167 3242 1240 3295 illam
1254 3259 1270 3295 a
1282 3241 1370 3296 Plinio

156 3332 296 3398 scriptam,
315 3330 448 3384 Hadriano
467 3329 553 3383 forsan
573 3330 731 3397 imperante,
749 3329 930 3396 acquisivisse,
948 3332 996 3382 aut
1015 3327 1117 3382 Plinius
1135 3330 1167 3382 ad
1186 3331 1266 3383 alium
1286 3330 1369 3395 Quin-

155 3420 277 3474 tilianum
297 3418 430 3485 scripsisse
448 3417 589 3471 censendus
607 3420 655 3484 est,
674 3419 721 3470 aut
738 3417 806 3470 alius
824 3417 881 3470 aevi
899 3416 977 3469 istius
995 3416 1086 3470 rhetor
1104 3415 1256 3485 designatur
1269 3419 1371 3470 nomine

156 3506 323 3574 Quintiliani,
342 3509 372 3559 ut
390 3507 493 3560 nomine
511 3504 615 3558 Paridis
633 3506 701 3558 alius
720 3503 812 3558 histrio
831 3520 888 3571 sup.
907 3520 932 3557 v.
947 3505 988 3558 87.
1002 3497 1049 3572 sq'
1068 3505 1237 3573 (Rupertius).
1275 3506 1370 3581 ,Allein

156 3595 301 3661 Quintilian
327 3594 452 3648 brauclrte
476 3593 561 3646 weder
584 3593 631 3646 auf
653 3593 749 3646 einmal
769 3592 837 3646 reich
855 3591 991 3659 geworden
1010 3609 1043 3644 zu
1061 3592 1131 3659 scin,
1161 3591 1225 3644 noch
1244 3593 1370 3646 braucbtc

157 3701 185 3736 cr
200 3683 260 3751 jane
278 3683 344 3735 boire
357 3680 507 3749 Beseldung
525 3666 610 3749 gleicb
629 3681 665 3733 im
680 3679 799 3748 Antange
817 3680 899 3732 seioer
912 3679 1050 3733 Laufbahn
1064 3679 1218 3748 empfangen
1232 3697 1264 3733 zu
1278 3681 1370 3749 haben,

156 3771 212 3824 und
231 3771 325 3824 lronnte
344 3770 403 3822 sehr
422 3771 470 3837 gut
489 3769 514 3821 in
534 3768 603 3821 einer
622 3768 687 3835 Zeit,
706 3766 740 3820 da
756 3766 859 3820 Plinius
875 3765 952 3834 jenen
966 3767 1040 3819 Brief
1055 3766 1164 3832 sebi-iob,
1183 3766 1370 3821 dessen'Cbro-

157 3859 259 3927 nologie
275 3858 305 3926 ja
323 3858 390 3910 wobl
408 3873 436 3910 so
455 3856 627 3922 ausgemacbt
643 3855 717 3908 nicht
735 3855 778 3924 ist,
798 3871 840 3908 um
860 3854 960 3908 solcber
973 3855 1122 3923 Hypotbese
1135 3870 1167 3906 zu
1181 3853 1370 3922 widerstreben,

157 3963 207 4000 von
226 3945 413 3998 beschritnlrten
426 3944 531 3997 Mitteln
551 3943 614 4009 sein,
633 3943 734 3996 woranl
746 3941 888 4010 jedenlalls
907 3940 954 3994 das
968 3941 1120 3994 Anerbieten
1135 3943 1204 3994 eines
1217 3942 1372 3996 Aussteuer-

157 4035 274 4102 beitrage
292 4050 340 4086 von
361 4033 453 4088 50000
472 4031 614 4084 Sesterzien
633 4029 735 4084 deutet:
766 4031 814 4084 wic
838 4047 865 4083 er
885 4030 1038 4097 umgekebrt
1056 4045 1103 4082 zur
1122 4030 1179 4082 Zeit
1197 4028 1242 4083 der
1260 4031 1371 4084 Iuvena-

156 4122 255 4176 liseben
276 4121 360 4175 Satira
380 4164 385 4175 .
406 4160 412 4173 .
431 4113 446 4173 ‚²
466 4119 594 4188 (Weber).

265 4226 348 4282 ⁶Cfr.
367 4227 436 4281 Plio.
455 4226 472 4279 l.
492 4241 512 4279 c.
532 4265 547 4301 ί.
567 4265 573 4278 .
593 4223 678 4291 ,plus
702 4223 858 4290 collaturus,
883 4222 934 4276 nisi
952 4239 968 4276 a
986 4221 1140 4276 verecundia
1165 4226 1212 4276 tna
1238 4223 1292 4278 sola
1318 4240 1371 4278 me-

158 4317 295 4372 diocritate
313 4316 460 4371 munusculi
479 4313 612 4384 impetrari
633 4327 707 4382 posse
725 4311 877 4366 confiderem
897 4327 929 4365 ne
947 4326 1087 4366 recusares.
1124 4308 1206 4366 Vale!

1178 4416 1216 4474 2*
