3266 4902
849 249 891 312 24

262 481 315 538 ee,
338 460 371 525 in
397 480 487 544 quem
511 465 605 542 poeta
628 459 817 536 insectatur,
848 461 1017 525 memoriae
1041 458 1120 525 nibil
1144 459 1297 524 traditum
1321 466 1384 535 est,
1414 479 1477 522 non

262 567 390 642 mirum,
421 585 491 630 cum
521 567 589 648 ipse
612 567 770 631 Iuvenalis
794 567 836 650 (v.
860 568 929 651 41.)
953 565 1039 631 haud
1067 567 1199 632 obscure
1228 565 1384 650 significet
1406 588 1476 630 eum

262 672 346 736 nibil
368 672 520 736 memoria
544 672 682 753 dignum·
699 672 816 738 fecisse.

369 778 526 841 luvenalis
556 776 657 859 igitur
689 779 805 843 erroris
834 785 890 843 aut
920 778 996 843 mali
1025 777 1063 841 de
1093 776 1218 843 bomine
1245 777 1344 861 probo
1367 777 1476 840 iudicii

262 883 444 965 arguendus
467 904 531 947 non
555 888 611 949 est.

368 990 426 1053 His
457 989 607 1071 exemplis
640 988 844 1071 comprobare
877 989 960 1054 volui
989 1011 1052 1053 non
1082 1010 1216 1072 aequum
1247 1011 1313 1054 esse
1336 988 1476 1053 iuvenali

261 1093 354 1159 fidem
384 1093 551 1176 abrogari,
580 1094 635 1158 ubi
659 1115 759 1177 neque
783 1094 852 1176 ipsa
875 1117 909 1160 re
932 1116 1034 1178 neque
1057 1095 1192 1159 aliorum
1216 1117 1319 1159 rerum
1343 1095 1476 1176 scripto·

262 1222 333 1264 rum
355 1199 546 1264 testimoniis
578 1199 736 1264 dubitatio
760 1200 935 1264 certissima
959 1205 1130 1266 moveatur.
1176 1200 1333 1266 Mendacii
1358 1200 1477 1265 seilicet

260 1306 417 1370 immerito
441 1311 595 1388 suspecto,
620 1312 655 1370 nt
678 1304 742 1369 fere
764 1304 810 1383 fit,
833 1303 914 1369 nibil
938 1307 1093 1382 c'reditur3
1118 1307 1201 1390 quod
1218 1329 1315 1389 supra
1332 1307 1475 1382 vidimus,

261 1411 301 1475 de
331 1410 424 1476 Statii
453 1433 488 1475 re
518 1410 668 1476 familiari
706 1433 776 1476 curn
812 1433 983 1493 ageremus.
1037 1414 1104 1476 lam
1135 1434 1207 1478 vero
1243 1412 1343 1476 multo
1374 1412 1475 1493 magis

261 1517 469 1601 vituperanda
502 1523 549 1582 est
578 1517 769 1583 consuetudo
799 1539 924 1594 eorum,
961 1519 1033 1602 qui,
1068 1519 1236 1601 quoniam,
1269 1525 1306 1582 ut
1336 1517 1475 1593 credant,

261 1622 389 1688 difficile
416 1623 627 1698 adducuntur,
663 1624 847 1688 correctoris
864 1629 894 1687 et
910 1624 1120 1688 emendatoris
1136 1631 1243 1707 partes
1259 1624 1320 1688 sibi
1337 1629 1473 1688 sumunt.

259 1729 387 1812 Lipsius
417 1729 544 1812 quidem
574 1730 781 1812 plurimorum
812 1751 881 1792 cum
910 1730 1091 1796 assensione
1119 1729 1294 1828 tRubellius
1321 1716 1473 1794 Blandus'

260 1836 395 1899 mutavit
425 1835 459 1898 in
488 1835 663 1933 cRubellius
687 1821 838 1899 Plautus'.
887 1834 1076 1900 Coniectura
1105 1837 1203 1918 igitur
1230 1837 1340 1919 utique
1362 1841 1474 1918 poetae

259 1941 362 2006 verbis
386 1940 567 2006 credibilior
590 1941 714 2004 videtur
736 1961 811 2004 esse.

364 2046 452 2111 Haec
474 2047 552 2110 satis
575 2045 616 2110 ad
640 2067 709 2122 eoa,
739 2046 793 2128 qui
816 2045 915 2109 nimia
938 2045 1106 2110 dubitandi
1130 2046 1342 2112 obstinatione
1366 2052 1474 2111 tenen-

259 2159 328 2228 tur;
358 2153 432 2228 iarn,
460 2159 495 2216 ut
518 2157 586 2215 erat
608 2152 814 2234 propositum,
838 2151 1062 2234 aggrediamur
1085 2152 1126 2216 ad
1150 2154 1374 2236 quaestionem,
1397 2175 1473 2218 num

260 2257 406 2322 ornnibus
435 2255 582 2340 partibus
611 2258 692 2321 iuste
722 2263 753 2321 et
781 2257 902 2320 sincere
924 2257 1082 2321 Iuvenalis
1114 2265 1231 2323 narret.
1278 2259 1367 2338 Quod
1395 2279 1473 2340 quo·

261 2363 364 2426 minus
402 2362 443 2425 in
481 2361 837 2444 descriptionibus
875 2363 1146 2443 generalibus
1184 2363 1316 2440 faceret,
1349 2361 1472 2426 duabus

260 2467 458 2550 potissimum
488 2467 591 2531 causis
625 2465 804 2550 prohibitus
832 2473 894 2532 est:
925 2468 1009 2550 qnod
1040 2468 1120 2533 nibil
1150 2470 1210 2533 ni'si
1239 2470 1323 2534 mala
1346 2468 1474 2552 respicit

260 2579 354 2655 poeta
383 2573 531 2656 bonaque
561 2573 687 2637 omnino
718 2595 785 2637 esse
815 2572 880 2638 fere
911 2595 1026 2656 negare
1053 2574 1176 2639 videtur
1199 2582 1230 2639 et
1253 2575 1338 2657 quod
1362 2595 1474 2657 genere

260 2679 385 2743 dicendi
408 2680 508 2743 utitur
531 2679 654 2742 artibus
677 2678 842 2743 rhetoricis
866 2679 960 2761 plane
982 2679 1107 2744 infecto.

367 2783 522 2866 Opinione
545 2784 577 2847 in
602 2785 696 2848 rebus
720 2784 932 2848 diiudicandis
957 2785 1083 2848 ducitur
1106 2807 1200 2867 quam
1223 2785 1368 2866 pessima.
1408 2785 1473 2848 Ho-

260 2889 359 2954 mines
388 2889 429 2952 ad
460 2910 559 2952 unum
588 2910 689 2970 paene
719 2909 825 2952 omnes
855 2911 922 2952 esse
944 2889 1044 2953 malos
1068 2889 1169 2964 dicitu
1193 2888 1383 2972 probitatem
1407 2889 1472 2954 suis

260 2994 433 3059 honoribus
457 2995 587 3069 careret
610 2993 828 3076 posteritatem
851 2991 982 3074 flagitiis
1005 2994 1051 3059 nil
1075 2993 1191 3058 addere
1210 2997 1325 3076 possess.
1364 2994 1473 3078 Neque

260 3099 412 3164 stultitias
442 3099 582 3174 deridet,
612 3098 665 3163 sed
697 3099 815 3163 scelera
838 3099 1010 3164 insectatur
1018 3125 1026 3176 3
1060 3121 1124 3182 qua
1145 3100 1179 3164 in
1202 3121 1236 3164 re
1259 3123 1320 3165 non
1345 3101 1472 3176 scutica,

259 3227 382 3288 semper
403 3203 529 3286 flagello
550 3205 658 3271 utitur.
698 3205 995 3268 Luculentissimum
1012 3205 1104 3269 huius
1120 3206 1165 3268 rei
1183 3206 1358 3288 exemplum
1375 3205 1472 3270 habes

260 3318 399 3376 saturam
430 3311 499 3387 Vl,
537 3331 601 3393 qua
636 3333 699 3374 uuo
729 3311 821 3392 quasi
852 3316 961 3375 tenore
991 3317 1022 3375 et
1052 3331 1133 3375 nova
1161 3309 1285 3392 flagitia
1316 3318 1347 3375 et
1377 3313 1473 3376 tritae

258 3415 422 3480 fatuitates
445 3414 633 3481 feminarum
658 3417 761 3480 verbis
783 3437 882 3498 aeque
905 3414 1053 3496 gravibus
1079 3422 1266 3480 tractantur.
1313 3418 1472 3481 Iuvenalis

258 3523 357 3604 igitur
380 3527 412 3586 et
434 3521 579 3585 inaudita
602 3528 693 3604 parte
715 3521 817 3584 altera
840 3527 871 3586 et
894 3521 1087 3586 severissime
1110 3521 1159 3585 ius
1183 3521 1267 3586 dicit.
1309 3522 1374 3587 Nec
1389 3543 1471 3598 vero,

259 3628 293 3691 id
322 3627 407 3709 quod
434 3649 497 3691 non
529 3627 779 3709 praetermittere
801 3627 911 3703 velim,
942 3627 1054 3692 innata
1076 3628 1213 3710 quadam
1237 3628 1343 3693 indole
1365 3628 1472 3692 omnia

368 3844 377 3873 ¹
395 3839 468 3892 XIII.
487 3841 529 3894 26.
549 3854 586 3906 sq.
606 3839 678 3913 (Rari
696 3839 791 3906 quippe
809 3839 877 3906 boni,
898 3855 1002 3892 numero
1022 3839 1063 3891 vix
1082 3844 1145 3893 sunt
1163 3839 1270 3893 totidem
1290 3843 1353 3907 quot

612 3925 758 3980 Thebarum
779 3930 868 3994 portae
886 3927 926 3980 vol
945 3927 1034 3980 divitis
1052 3928 1120 3980 ostia
1138 3921 1211 3980 Nili'

365 4016 415 4068 2Ι.
435 4016 475 4068 74.
495 4014 625 4090 (Probitas
643 4014 767 4068 laudatur
785 4018 812 4068 et
830 4009 920 4083 alget'

367 4103 416 4156 ³1.
437 4104 495 4157 147.
514 4118 551 4170 sq.
572 4102 626 4177 (Nil
644 4103 693 4155 erit
712 4104 829 4170 ulterius,
848 4103 917 4172 quod
935 4105 1031 4158 uostris
1051 4104 1165 4158 moribus
1184 4103 1265 4157 addat

575 4189 727 4256 Posteritus,
745 4190 833 4243 eadem
853 4192 948 4246 facient
966 4193 1120 4261 cupientque
1138 4193 1258 4261 minores,

577 4275 657 4331 Omne
675 4277 702 4331 in
721 4279 856 4346 praecipiti
875 4280 967 4334 vitium
986 4273 1077 4335 stetit’
