3266 4902
830 229 873 298 30

745 321 955 334 -n———a

187 466 189 470 ’
242 443 379 512 nefanda
417 465 528 512 venere
564 444 726 528 legemque
763 443 967 523 Voconiam,1
998 466 1062 530 qua
1097 441 1231 510 feminae
1267 441 1460 510 hereditates

242 554 385 637 accipere
415 551 622 629 vetabantur,
651 551 684 615 in
714 573 806 616 usum
838 552 1011 629 reuocauit3
1041 553 1143 642 legem
1171 552 1284 616 Iuliam
1319 573 1392 616 vero
1422 550 1460 614 de

242 660 433 726 adulteriis²
455 659 558 724 edicto
582 657 730 723 restituit.
777 656 893 722 Utrum
916 659 998 723 aliae
1023 679 1148 743 quoque
1170 659 1255 740 leges
1278 679 1388 723 revera
1410 678 1459 749 re·

244 766 373 831 stitutae
396 767 461 830 sint
484 785 590 841 necne,
613 785 676 828 non
692 771 825 829 constat.
869 763 919 828 Ex
941 765 1058 848 plurali
1081 765 1137 829 illo
1162 765 1256 862 tleges
1279 753 1459 829 revocabat'

243 872 312 948 hoc,
335 877 371 935 ut
394 870 555 936 nonnullis
578 869 753 934 editoribus
776 871 877 935 visum
900 875 957 947 est,
981 870 1167 935 concludere
1198 891 1260 934 non
1284 869 1366 946 licet,
1390 890 1461 932 cum

243 999 318 1042 voce
342 962 529 1075 ‘revocandi'
553 975 703 1040 hocloco
727 975 922 1058 significetur
945 998 1009 1041 non
1038 976 1139 1040 solum
1162 975 1242 1058 legis
1265 975 1375 1050 Iuliae,
1406 973 1462 1038 sed

243 1083 338 1148 etium
361 1082 542 1148 Scantiniae
564 1088 595 1146 et
618 1082 777 1147 Voconiae
799 1082 970 1147 renovatio.
1018 1081 1055 1146 In
1086 1081 1222 1164 virgines
1246 1081 1389 1147 Vestales
1412 1080 1462 1144 in-

243 1189 363 1252 usitata
385 1188 572 1254 severitate3
596 1186 829 1253 animaduertit.
874 1188 985 1270 ltaque
1010 1187 1209 1254 Domitianus
1231 1187 1314 1268 leges
1336 1207 1462 1250 amaras
1520 1257 1522 1263 A

243 1295 436 1360 revocavisse
458 1293 520 1357 dici
543 1298 655 1376 potest.
712 1291 832 1369 Quodsi
857 1293 947 1390 tipsis
973 1294 1086 1358 Veneri
1111 1292 1271 1376 Martique
1295 1277 1461 1357 timendas'

242 1401 338 1464 fuisse
361 1399 419 1464 has
442 1399 526 1480 leges
558 1398 636 1462 dicit
658 1398 827 1475 Iuvenalis,
857 1399 917 1464 hac
940 1421 974 1464 re
996 1398 1195 1482 imperatoris
1219 1399 1253 1463 in
1276 1398 1343 1464 illis
1366 1398 1462 1462 scele-

244 1504 334 1569 ribus
349 1505 531 1586 detegendis
546 1503 713 1585 diligentia
728 1505 922 1587 saevitiaque
944 1505 977 1568 in
993 1505 1161 1587 puniendis
1178 1505 1283 1570 iocosa
1303 1509 1335 1570 et
1350 1503 1463 1568 festiva

243 1611 486 1692 exaggeratione
508 1609 749 1675 narratiuncula
769 1631 807 1674 ex
825 1610 915 1676 Hom.
933 1609 990 1674 Od.
1011 1611 1095 1676 Vlll.
1112 1614 1187 1675 266.
1204 1633 1250 1694 sq.
1275 1610 1462 1693 deprompta

249 1723 411 1783 notantur.
456 1716 673 1780 Domitianum
704 1736 813 1780 revera
837 1716 1031 1781 severissime
1055 1717 1155 1798 egisse
1178 1716 1328 1799 exemplis
1352 1715 1460 1782 allatis

244 1819 447 1887 confirmatur
454 1846 463 1899 ;
486 1843 614 1886 causam
638 1819 763 1904 quidem
787 1819 826 1884 de
849 1821 967 1886 incesto
991 1822 1147 1904 virgiuum
1172 1822 1349 1887 Vestalium
1371 1827 1463 1886 tanta

245 1949 317 1991 cum
336 1927 469 1992 saevitia
484 1926 641 2002 tractavit,
658 1925 838 1990 ut'Helvius
854 1927 997 2010 Agrippa
1012 1927 1154 2010 pontifex
1170 1928 1201 1990 in
1218 1926 1321 1992 medio
1341 1932 1463 2002 senatu,

245 2033 301 2097 ubi
324 2053 420 2098 causa
443 2032 607 2114 agebatur,
630 2036 750 2096 terrore
772 2054 938 2115 percussus
962 2033 1067 2097 subito
1092 2032 1222 2098 obiret.4

354 2136 475 2202 Deinde
506 2137 545 2203 de
575 2137 749 2202 Domitiani
779 2145 811 2204 et
840 2136 941 2203 Iuliae
969 2139 1145 2214 amoribus,
1175 2158 1237 2221 quo
1267 2138 1383 2203 clarior
1412 2159 1462 2201 res

247 2243 314 2321 fiat,
337 2243 433 2308 altius
457 2250 604 2327 repetam.
642 2244 726 2307 Iulia
750 2250 818 2308 erat
839 2242 907 2307 filia
922 2243 995 2318 Titi,
1011 2242 1120 2307 fratris
1137 2243 1319 2307 Domitiani.
1359 2241 1460 2318 Quam

247 2350 302 2413 ille
326 2350 490 2414 etiamtum
513 2348 666 2430 virginem
683 2349 809 2422 amavit,
832 2348 887 2413 sed
903 2349 1042 2413 oblatam
1066 2349 1099 2411 in
1115 2348 1352 2413 matrimonium
1372 2368 1461 2412 recu-

248 2455 338 2520 savit.
374 2436 455 2519 Νοη
486 2455 586 2518 multo
617 2459 689 2537 post
711 2453 821 2518 Flavio
845 2453 963 2519 Sabino
994 2454 1179 2520 collocatam
1209 2453 1351 2537 corrupit
1377 2453 1462 2517 ultro

248 2560 428 2643 etquidem
458 2559 528 2625 vivo
551 2558 650 2624 Tito-5
699 2551 858 2625 Domitiae
885 2560 990 2637 uxori,
1021 2581 1116 2644 quam
1141 2560 1267 2625 Paridis
1297 2559 1463 2624 histrionis

248 2666 445 2750 deperditam
480 2685 588 2730 amore
617 2665 859 2750 repudiaverat,
887 2667 1109 2732 reconciliatus
1145 2666 1352 2732 nihilominus
1381 2664 1466 2728 Iulia

355 2876 437 2931 ¹Clr.
465 2876 535 2931 Suet.
561 2877 607 2930 vit.
626 2877 701 2930 Dom.
721 2880 746 2933 8.
785 2875 925 2951 tQuosdam
949 2893 979 2930 ex
1003 2879 1113 2944 utroque
1137 2875 1227 2929 ordino
1251 2876 1309 2945 lege
1328 2875 1465 2929 Scantinia

248 2957 447 3019 condemnarit‘
483 2965 523 3018 lb.
536 2963 681 3040 ‘Probrosis
694 2964 798 3017 feminis
810 2965 915 3018 lecticae
928 2981 1003 3018 usum
1017 2963 1116 3018 ademit
1134 2965 1226 3032 iusque
1244 2962 1361 3032 capiendi
1374 2964 1464 3030 legata

249 3044 476 3119 hereditatesque.’

354 3157 437 3213 2Olr.
457 3157 535 3212 Mart.
554 3157 636 3226 epigr.
657 3157 706 3212 VI.
727 3160 751 3212 7.
787 3191 789 3194 -

461 3246 539 3321 gIulia
556 3245 597 3298 lex
616 3246 718 3313 populis
736 3262 767 3298 ex
785 3261 844 3314 quo,
863 3245 998 3314 Faustina,
1017 3248 1108 3300 renata
1126 3249 1167 3299 est
1186 3288 1192 3301 .
1213 3288 1219 3301 .
1238 3239 1255 3300 .'

356 3333 411 3388 crs.
435 3334 514 3386 etiam
537 3335 568 3388 A.
587 3333 694 3387 Inrhofri
721 3334 759 3408 ιΤ.
779 3334 888 3386 Flavius
906 3334 1081 3398 Domitianus,
1106 3334 1145 3387 ein
1166 3334 1274 3402 Bcitrag
1299 3350 1346 3386 zur
1370 3331 1464 3387 Gcseh.

251 3419 296 3474 der
315 3425 379 3476 rdm.
399 3422 544 3475 Kaissrzeit
561 3421 628 3474 nach
647 3421 696 3474 den
715 3420 825 3486 Quelleu
844 3415 1007 3488 dargestellt'
1026 3438 1086 3489 pag.
1106 3423 1148 3476 95.

356 3527 441 3580 ³Clr.
460 3527 532 3580 Suet.
551 3527 597 3581 vit.
617 3526 692 3581 Dom.
712 3529 737 3582 8.
774 3527 884 3602 (Incesta
902 3527 1048 3580 Vestalium
1074 3527 1214 3596 virginum,
1234 3543 1249 3580 a
1273 3530 1348 3594 patre
1367 3543 1467 3594 quoque

250 3631 296 3668 suo
315 3618 343 3667 et
364 3614 445 3668 fratre
463 3614 592 3683 neglecta,
611 3615 681 3668 varie
700 3618 728 3669 et
746 3631 833 3668 severe
851 3615 969 3683 coercuit,
988 3615 1075 3682 priora
1093 3615 1200 3682 capitali
1225 3615 1359 3683 supplicio,
1380 3619 1466 3682 poste-

249 3704 319 3756 riora
337 3719 406 3756 more
424 3704 512 3757 veteri.
550 3701 619 3756 Nam
638 3719 696 3756 curn
715 3703 833 3757 Oculatis
851 3703 982 3757 sororibus
1000 3704 1063 3756 item
1077 3703 1225 3757 Varonillae
1243 3703 1354 3756 liberum
1375 3705 1467 3756 mortis

250 3790 411 3860 permisisset
429 3791 566 3844 arbitrium
587 3794 800 3859 corruptoresque
814 3807 901 3844 carum
915 3791 1065 3860 relegasset,
1083 3808 1142 3844 mox
1156 3791 1311 3858 Corneliam,
1324 3791 1464 3844 niaximam

249 3878 385 3946 virginem,
398 3879 547 3932 absolutam
562 3879 632 3946 olim,
646 3879 704 3931 dein
717 3879 795 3948 longo
813 3879 952 3932 intervallo
971 3879 1107 3946 repetitam
1122 3882 1200 3947 atque
1217 3879 1359 3932 convictam
1380 3877 1465 3931 defodi

250 3967 390 4038 imperavit
415 3969 625 4033 stupratoresque
648 3967 731 4035 virgis
755 3967 783 4019 in
807 3958 911 4020 comitio
935 3967 969 4021 ad
992 3983 1080 4020 neoom
1105 3967 1184 4034 caedi,
1209 3969 1313 4034 excepto
1337 3967 1466 4033 practorio

248 4056 305 4108 viro
325 4097 330 4109 .
351 4097 357 4108 .
378 4047 393 4108 .'
430 4053 483 4108 Olr.
503 4056 583 4107 etiam
602 4054 671 4109 Plin.
690 4055 767 4122 epist.
786 4054 833 4109 IV.
854 4056 895 4109 11.
915 4059 939 4111 6.
959 4057 985 4108 et
1002 4055 1035 4109 D.
1055 4055 1127 4109 Cass.
1148 4057 1188 4110 67.
1209 4055 1232 4108 3.

357 4164 368 4194 ⁴
387 4159 440 4215 Otr.
460 4160 492 4214 D.
512 4159 584 4214 Cass.
605 4162 646 4216 67.
668 4162 692 4215 3.
803 4241 810 4250 ⁸

357 4267 442 4322 ⁵Olr.
463 4266 534 4322 Suet.
555 4267 600 4322 vit.
620 4267 695 4322 Dom.
715 4267 757 4321 22.
