3266 4902
680 258 685 265 '
770 253 811 314 41

181 462 328 526 Ceterum
352 461 399 525 illi
423 460 494 543 ipsi,
518 461 574 543 qui
597 447 759 526 Tiberium
782 461 867 525 omni
884 459 996 526 studio
1020 457 1202 533 defendunt,
1228 457 1402 522 maximam

180 575 251 632 tum
274 568 341 631 eius
364 566 459 631 luisse
482 567 679 632 severitatem
702 567 904 632 concedunt.1

290 674 401 755 Itaque
432 678 526 755 poeta
556 694 612 738 suo
641 673 709 736 iure
738 673 821 738 cives
848 674 932 737 inter
961 693 995 738 se
1017 670 1223 736 adhortantes
1251 668 1336 744 lacit,
1365 675 1403 733 ut

180 800 297 862 corpus
331 779 437 844 Seiani
473 801 492 843 a
527 779 619 860 vulgo
651 801 707 862 per
736 778 878 843 triduum
912 781 1077 843 vexatum²
1112 776 1235 841 calcent
1266 775 1402 859 odioque

142 879 146 884 ’
180 885 330 948 simulato
353 891 439 948 tutos
462 905 495 949 se
518 884 662 950 reddant.

289 991 355 1055 lam
380 990 545 1054 dicendum
569 997 616 1055 est
638 990 677 1054 de
698 991 838 1073 periculo
866 988 1001 1052 dominis
1031 988 1215 1052 imminente
1243 1008 1263 1052 a
1293 987 1401 1050 servis.

185 1096 290 1178 Atque
313 1096 391 1178 quin
414 1095 495 1160 servi
511 1095 654 1160 dominos
670 1102 852 1160 accusantes
868 1094 969 1160 auditi
986 1094 1050 1158 sint
1065 1093 1192 1158 Tiberio
1214 1094 1402 1175 imperante,

182 1201 315 1264 dubium
339 1221 406 1264 esse
437 1222 499 1265 non
523 1207 635 1283 potest.
689 1201 727 1263 ln
756 1201 937 1264 universum
966 1199 1025 1264 hoo
1054 1199 1151 1262 servis
1181 1220 1245 1262 non
1274 1197 1402 1272 licebat,

181 1306 239 1371 aed
263 1306 379 1370 crimen
402 1306 578 1370 maiestatis
602 1326 723 1387 semper
745 1305 809 1370 fere
831 1312 996 1388 exceptum
1019 1307 1112 1370 erat.3
1156 1303 1278 1384 Singuli
1301 1302 1401 1385 impe-

182 1419 307 1476 ratores
330 1411 369 1475 de
391 1409 451 1474 hac
473 1433 508 1476 re
531 1410 656 1493 singula
679 1411 900 1476 decreverunt:
926 1410 1072 1492 Caligula
1088 1409 1186 1474 servis
1207 1429 1313 1472 omnes
1330 1429 1403 1490 per-

183 1517 286 1593 misit,
319 1515 425 1581 Nerva
459 1537 566 1580 omnes
599 1515 718 1582 ademit
751 1517 993 1581 accusationes.4
1051 1514 1144 1579 Certe
1179 1515 1237 1578 sub
1273 1513 1402 1577 Tiberio

182 1624 302 1688 crimen
326 1623 510 1696 maiestatis,
539 1621 578 1685 de
607 1643 669 1705 quo
700 1622 784 1706 apud
809 1622 988 1686 Iuvenalem
1011 1641 1111 1685 sermo
1136 1626 1192 1695 est,
1223 1619 1320 1683 servis
1343 1640 1402 1702 pa-

183 1728 281 1794 tebat.
327 1727 431 1807 Quare
455 1727 568 1792 civium
592 1727 688 1792 timor
710 1749 730 1792 a
753 1736 847 1810 poeta
869 1727 1010 1810 depictus
1034 1747 1097 1790 non
1121 1747 1221 1790 vanus
1245 1731 1300 1788 est.

291 1833 363 1899 Sine
387 1834 484 1898 dubio
507 1841 612 1898 autem
635 1834 777 1898 quenali
801 1833 896 1898 etiam
919 1839 1079 1896 servorum
1103 1832 1136 1894 in
1160 1831 1281 1894 domini
1304 1835 1402 1911 caput

182 1940 327 2022 quaestio
358 1947 432 2004 ante
461 1941 567 2006 oculos
597 1939 792 2006 versabatur.
844 1940 955 2021 ltaque
985 1937 1165 2020 quaeritur,
1205 1943 1311 1999 utrum
1342 1933 1402 1998 hoc

182 2045 370 2130 imperatori
392 2045 461 2108 iure
484 2045 653 2128 opprobrio
678 2052 819 2110 vertatur
842 2067 945 2110 necne.
997 2045 1101 2125 Atque
1132 2041 1261 2117 Tiberii,
1291 2046 1327 2104 ut
1355 2040 1402 2104 ita

182 2152 297 2227 dicam,
326 2151 454 2234 patroni
477 2151 661 2227 Karstenus‚
693 2151 890 2236 Freytagins‚
922 2148 1069 2213 Stahrius
1092 2153 1211 2229 negant
1232 2145 1402 2230 praecipue

184 2279 223 2321 ea
253 2257 291 2320 de
320 2278 429 2332 causa,
461 2256 546 2339 quod
576 2259 738 2338 Augustus
770 2277 893 2338 quoquo
924 2255 962 2318 de
992 2255 1089 2318 servis
1120 2253 1336 2336 quaestionem
1367 2250 1402 2312 in

182 2362 328 2426 dominos
344 2362 544 2428 instituerit.⁵
571 2363 734 2443 Augustus
750 2361 809 2424 hoo
825 2361 908 2436 fecit,
932 2359 995 2436 sed,
1011 2359 1044 2422 id
1062 2357 1145 2440 quod
1162 2357 1253 2422 nobis
1269 2359 1403 2420 fortasse

186 2489 249 2531 non
273 2469 407 2531 multum
431 2465 558 2532 differre
581 2466 714 2542 videtur,
743 2464 829 2548 apud
851 2467 1010 2529 Romanos
1034 2469 1140 2528 autem
1171 2463 1290 2526 rituum
1313 2468 1405 2524 tena-

294 2659 375 2714 1Ch·.
399 2659 531 2712 Merivalci
555 2659 670 2734 (History
689 2659 717 2712 ol
739 2658 783 2711 the
807 2658 922 2711 Romans
952 2656 1033 2709 under
1062 2657 1109 2709 the
1134 2648 1248 2722 Empirc'
1272 2655 1345 2708 Tom.
1368 2653 1403 2707 V.

130 2809 136 2813 ,
185 2766 246 2818 pag.
261 2749 320 2802 372.
348 2746 421 2823 (wide
445 2746 497 2800 and
520 2748 681 2816 sanguinary
705 2739 884 2813 proscriptiou’
908 2748 934 2798 et
958 2742 1109 2820 ‘bloodshed
1133 2744 1159 2796 in
1179 2743 1264 2796 which
1283 2742 1403 2795 Tiberius

184 2837 284 2905 songht
303 2839 329 2888 to
348 2835 436 2888 droun
455 2835 496 2888 hie
514 2826 733 2902 apprehensions.'

293 2946 304 2976 ⁹
322 2941 376 2996 cfr.
389 2943 421 2995 D.
435 2941 507 2994 Cass.
520 2943 561 2996 58.
576 2941 616 2994 ll.
635 2945 687 3014 ζκαὶ
700 2931 781 2990 αὐτόν
794 2933 807 2990 ό
821 2930 909 3006 όμιλος
921 2944 1011 3009 τρισὶν
1029 2930 1103 2992 όλαις
1116 2929 1225 3006 ἡμέραις
1244 2930 1402 3003 ἐλυμήνατο,

183 3037 232 3082 ,καὶ
250 3024 318 3098 μετά
335 3029 416 3082 codro
435 3033 459 3084 ἐς
477 3023 526 3080 τόν
543 3022 667 3095 ποταμόν
686 3020 828 3092 casanico?

295 3135 378 3190 ³Cfr.
403 3133 466 3188 Cod.
486 3133 580 3186 Theod.
605 3137 628 3187 9.
649 3138 672 3188 5.
695 3135 718 3188 1.
755 3134 896 3208 „decusare
917 3148 990 3186 servo
1014 3131 1147 3184 dominum
1171 3130 1212 3184 vel
1235 3129 1328 3184 liberto
1353 3145 1401 3196 pa-

183 3228 291 3278 tronum
311 3239 356 3276 seu
370 3222 493 3276 familiari
512 3239 561 3275 non
581 3221 643 3274 licet
661 3224 762 3288 praeter
781 3220 878 3274 crimen
897 3211 1059 3272 maiestatis?

293 3315 304 3345 ⁴
328 3311 367 3364 De
392 3310 515 3378 Caligula
539 3308 585 3363 cfr.
611 3309 683 3364 Suid.
709 3325 728 3362 s.
751 3325 777 3362 v.
829 3301 940 3384 ιΓα’“ιός’;
971 3305 1180 3384 ιΑουλοκρατιόιν
1211 3300 1404 3372 νομοθετήσας

187 3405 320 3469 ἔπε’τρειμε
338 3403 497 3470 κατηγορεῖν
514 3397 571 3448 τῶν
589 3395 736 3459 δεσποτῶν,
758 3397 825 3448 εἴτι
844 3390 878 3447 άν
897 3394 992 3448 εἰδεῖεν
1011 3387 1100 3449 criseis
1120 3385 1317 3461 πλημμέλημα.’
1354 3391 1404 3444 Est

182 3491 274 3542 autem
294 3502 377 3539 sermo
396 3487 427 3538 de
441 3485 578 3554 Caligula.
602 3551 605 3556 Ι
768 3553 772 3560 .

168 3580 170 3584 ’
270 3586 272 3590 ’
293 3575 331 3628 De
349 3574 436 3627 Nerva
455 3574 500 3628 cfr.
519 3574 551 3626 D.
572 3573 643 3626 Cass.
660 3574 705 3631 68.
727 3575 749 3627 l.
788 3566 863 3648 KTotis
881 3571 912 3624 δὲ
936 3568 1042 3625 δούλους
1064 3575 1109 3621 καὶ
1132 3562 1193 3622 τοὺς
1217 3565 1406 3638 ἐξελευθέρους

182 3657 248 3718 ’τους
265 3669 321 3718 τοῖς
339 3659 481 3718 δεσπόταις
501 3661 578 3731 σφῶν
598 3658 839 3728 ἐπιβουλεύσαντας
851 3657 955 3714 πάντας
969 3650 1141 3711 άπέκτεινεν.)
1179 3657 1231 3712 Cir.
1244 3657 1322 3710 etiam
1337 3672 1404 3724 quae

186 3753 214 3805 in
234 3751 353 3805 Haenelii
370 3750 436 3803 libro
456 3749 565 3825 tCorpus
583 3743 679 3818 legum'
698 3747 731 3802 ad
750 3749 868 3818 singulos
887 3749 1054 3814 imperatores
1073 3745 1105 3798 de
1123 3762 1153 3800 ea
1171 3761 1197 3799 re
1222 3744 1354 3814 leguntur.

295 3837 378 3900 ⁵Clr.
398 3839 429 3892 D.
451 3837 523 3892 Cass.
543 3842 584 3893 55.
604 3839 627 3890 5.
665 3829 723 3912 :Cu
742 3829 814 3889 δὐόκ
833 3829 892 3895 ἐξόν
911 3829 941 3886 δν
960 3833 1055 3887 δοῦλον
1071 3828 1141 3885 κατά
1160 3829 1294 3886 δεσπότου
1312 3837 1402 3898 βασα-

164 3969 165 3974 ,
187 3925 328 3992 νισθῆναι,
349 3923 491 3993 ἐκέλευσεν,
512 3919 602 3979 ὁσάκις
620 3919 654 3976 άν
669 3930 751 3995 χρεία,
767 3921 889 3976 τοιοότου
907 3917 981 3978 τινάς
998 3928 1116 3993 γένηται,
1130 3921 1169 3986 τῷ
1182 3919 1304 3990 δημοσίῳ
1323 3913 1407 3970 αὐτόν

184 4011 205 4080 ἢ
223 4020 268 4066 καὶ
287 4014 373 4080 ἑαυτῷ
390 4010 605 4084 πιπράσκεσθαι,
620 4006 701 4068 'darom
724 4006 758 4067 ὡς
777 4006 912 4082 άλλότριος
929 4011 977 4064 τοῦ
994 4016 1151 4081 κρινομένου
1175 4003 1214 4060 ὢν
1238 4005 1405 4073 ὲξητάζεται,

189 4103 217 4155 οἱ
233 4106 283 4170 μὲν
301 4096 424 4174 ᾐτιῶντο,
444 4096 485 4155 ότι
504 4096 518 4154 ὃ
536 4097 616 4170 νόμος
633 4101 667 4174 τῇ
685 4101 733 4153 τοῦ
751 4098 884 4152 δεσπότου
902 4097 1054 4171 μεταλλαμῇ
1076 4094 1261 4149 καταλύεσθαι
1290 4094 1405 4164 ε’ζαελλεν,

187 4191 216 4243 οἰ
233 4183 407 4261 δ’άναμκαῖον
430 4185 495 4243 cairo
521 4193 638 4260 ἔφασκον
663 4189 739 4252 εἶναι,
758 4181 800 4242 ότι
819 4187 913 4241 πολλοὶ
932 4182 977 4240 διά
1001 4187 1081 4240 τοῖιτο
1104 4191 1148 4237 καὶ
1174 4177 1289 4250 adaia?
1314 4188 1406 4250 ἐκείνῳ

183 4285 232 4332 καὶ
253 4283 297 4330 ἐπὶ
314 4285 372 4334 ταῖς
391 4273 483 4349 άρχαῖς
503 4271 680 4330 σπαρταν-ποῖ
