3266 4902
765 247 806 307 39

676 334 888 342 *—

282 456 319 520 In
344 455 422 522 Silio
445 461 539 539 poeta
569 456 640 538 ipsa
670 454 804 520 historia
835 454 942 518 mitior
974 460 1030 530 est,
1065 475 1167 537 quem,
1201 475 1263 537 quo
1293 454 1392 521 dirior

176 561 268 627 nobis
292 582 359 626 esse
382 561 526 628 videatur
548 560 665 626 femina
687 561 745 626 illa
767 560 895 637 lasciva,
919 560 1019 624 virum
1035 559 1131 626 fuisse
1146 561 1247 625 tradit
1262 563 1390 627 maioris

175 668 280 750 pretii,
303 689 398 750 quam
421 689 534 734 revera
551 667 621 731 fuit.

282 897 389 964 Habes
413 898 564 981 exempla,
595 918 677 980 quae
706 896 747 962 ad
778 895 1026 978 cognoscendam
1053 897 1212 962 Iuvenalis
1235 896 1391 962 rationem

175 1004 329 1069 narrandi
352 1004 538 1068 examinavi.
586 1005 690 1085 Atque
716 1002 798 1067 nihil
827 1024 898 1066 eum
925 1001 1057 1084 fingere,
1088 1001 1174 1085 quod
1203 1003 1267 1066 iam
1297 1003 1391 1068 initio

176 1110 271 1175 huius
283 1108 556 1175 commentationis
578 1109 757 1185 statuimus,
780 1109 830 1173 his
846 1128 970 1191 quoque
991 1108 1143 1190 exemplis
1160 1107 1392 1191 comprobatur.

176 1216 238 1282 Sed
261 1215 347 1300 quod
370 1216 403 1279 in
426 1235 533 1279 omnes
549 1236 602 1280 eos
617 1215 712 1291 cadit,
736 1215 791 1297 qui
807 1215 874 1279 solo
891 1214 938 1278 vel
955 1213 1108 1278 laudandi
1124 1214 1173 1278 rel
1189 1213 1391 1296 vituperandi

176 1322 283 1386 studio
296 1321 464 1396 ducuntur,
487 1328 523 1384 nt
537 1320 641 1385 verbis
657 1326 797 1396 utantur,
821 1320 935 1402 quibus
952 1319 1051 1384 virtus
1068 1327 1123 1384 aut
1139 1320 1280 1401 nequitia
1295 1341 1392 1402 quam

176 1427 362 1508 gravissime
385 1426 596 1508 exprimatur,
626 1425 686 1490 hac
709 1446 836 1489 recum
866 1423 993 1488 omnino
1017 1431 1197 1488 saturarum
1222 1424 1391 1506 scriptores

176 1552 240 1596 non
263 1537 392 1595 vacantl
416 1539 483 1596 tum
506 1531 662 1596 luvenalis
685 1531 819 1596 laborat.
870 1529 1031 1595 Interdum
1062 1531 1117 1606 rei,
1147 1551 1242 1612 quam
1272 1536 1392 1606 narrat,

176 1636 277 1702 tradit
299 1645 411 1719 caput:
440 1637 560 1702 leviora
582 1635 815 1719 praetermittit,
845 1656 957 1699 causas
980 1633 1073 1699 affert
1095 1637 1232 1718 primas,
1263 1634 1392 1700 effectus

177 1750 342 1819 extremos,
365 1742 469 1807 media
492 1741 667 1825 neglegens.
715 1741 855 1823 Flagitia
879 1740 1014 1823 denique
1030 1741 1085 1804 uni
1102 1740 1228 1823 quidem
1244 1742 1392 1824 imputat,

177 1848 224 1912 ita
245 1854 361 1924 tamen,
390 1854 426 1913 ut
449 1848 544 1912 ceteri
567 1847 652 1911 haud
675 1848 821 1912 meliores
852 1868 919 1912 esse
942 1846 1125 1923 videantur;
1156 1867 1212 1910 nec
1244 1847 1391 1911 laudibus

176 1953 316 2019 abstinet
339 1954 455 2036 iniquis
479 1954 621 2029 alterius,
645 1974 707 2036 quo
730 1954 818 2036 peior
841 1958 995 2036 appareat
1023 1953 1112 2017 alter.
1164 1951 1317 2017 Omnibus
1340 1951 1392 2016 his

175 2060 271 2125 rebus
294 2066 401 2123 autem
424 2059 539 2124 veritas
562 2059 652 2142 quasi
685 2057 758 2123 Cois
787 2059 926 2135 velatur,
956 2080 1019 2123 non
1049 2059 1176 2124 lacerna
1203 2057 1392 2140 obtegitur.²

282 2199 404 2275 Restat,
433 2205 470 2263 ut
498 2199 609 2282 paucis
638 2200 850 2282 explanemus,
883 2220 946 2282 qua
976 2221 1045 2264 cum
1075 2199 1138 2264 fide
1160 2198 1318 2264 Iuvenalis
1341 2219 1391 2264 res

175 2327 410 2389 perseveras,
441 2305 495 2369 sed
525 2324 604 2389 quas
634 2305 702 2387 ipse
733 2326 797 2369 non
828 2305 918 2381 vidit,
949 2304 1100 2387 depingat
1126 2311 1158 2370 et
1180 2326 1219 2368 ex
1242 2305 1391 2388 opinione

176 2432 235 2474 sna
258 2411 425 2485 describat,
449 2411 561 2474 relutsi
584 2411 652 2493 ipse
668 2410 823 2474 adfuisset
845 2418 1003 2493 spectator
1025 2431 1063 2475 ac
1079 2411 1176 2477 testis.
1215 2410 1284 2476 Hoc
1307 2411 1391 2475 enim

175 2515 348 2580 identidem
370 2514 462 2591 facit3
485 2515 539 2579 sed
556 2515 634 2580 hacc
649 2537 709 2590 res,
731 2522 953 2598 praeterquam
969 2514 1052 2597 quod
1068 2516 1149 2580 tales
1165 2515 1391 2598 descriptiones

175 2622 279 2705 primo
303 2621 410 2686 statim
440 2622 554 2686 obtutu
585 2628 834 2702 cognoscuntur,
863 2642 899 2684 eo
926 2621 1030 2684 minus
1058 2619 1154 2685 habet
1184 2621 1392 2698 fallaciarum,

176 2726 262 2808 quod
285 2747 446 2808 nunquam
470 2726 555 2791 ultra
577 2726 787 2810 progreditur,
817 2747 911 2809 quam
934 2733 971 2789 ut
993 2726 1058 2791 veri
1082 2725 1242 2791 videamus
1266 2727 1391 2791 similia.

177 2833 283 2915 Atque
311 2832 487 2914 exemplum
517 2832 621 2896 nescio
652 2853 694 2896 an
721 2831 763 2897 ad
792 2831 1032 2897 deliberandum
1066 2854 1130 2896 non
1161 2838 1262 2896 exstet
1289 2833 1392 2914 magis

176 2936 335 3012 idoneum,
359 2959 454 3019 quam
470 2958 577 3002 versus
592 2939 642 3002 illi
658 2946 785 3003 saturae
800 2939 851 3016 X,
875 2937 990 3022 quibus
1013 2939 1127 3003 civium
1150 2946 1223 3021 post
1245 2938 1393 3004 Seianum

177 3061 362 3124 oppressum
386 3042 614 3107 sollicitudines
638 3043 867 3108 describuntur.

175 3341 293 3396 cubitum
312 3340 381 3394 inter
399 3341 532 3408 convivas3
552 3342 648 3410 oscula,
667 3342 802 3410 amplexus
809 3363 815 3406 ;
842 3346 942 3396 noctem
962 3341 1070 3411 denique
1096 3345 1180 3397 actam
1204 3343 1309 3396 licentia
1333 3359 1393 3396 con·

176 3430 267 3500 iugali.
304 3427 355 3482 Sed
374 3428 441 3482 nihil
460 3431 630 3498 compositum
651 3431 772 3486 miraculi
790 3447 878 3501 causa,
898 3447 987 3485 verum
1007 3431 1100 3485 audita
1119 3431 1266 3498 scriptaque
1284 3431 1393 3483 seniori-

176 3517 226 3571 bus
244 3509 366 3571 tradsm.’
900 3515 907 3529 ¹

283 3622 391 3675 1Rectc
416 3623 545 3677 Widalius
569 3624 700 3699 (Juvenal
718 3627 744 3678 et
764 3641 805 3678 ses
827 3619 928 3679 satires'
952 3643 1012 3694 pag.
1031 3626 1098 3694 44.):
1136 3624 1193 3700 (Cos
1213 3621 1394 3692 exageratione

176 3711 207 3764 de
231 3711 332 3778 paroles
358 3714 386 3765 et
408 3712 440 3764 dc
464 3713 568 3766 couleur
592 3729 624 3765 ne
648 3717 708 3766 sont
726 3730 772 3781 pas
792 3713 909 3781 toujours
927 3713 1007 3767 l'ellet
1025 3714 1070 3767 des
1088 3713 1186 3766 vieilles
1204 3710 1344 3767 habitudes
1363 3711 1394 3764 de

175 3798 277 3868 recole,
301 3802 364 3856 elles
386 3802 594 3870 appartiennent,
617 3818 649 3854 on
674 3818 706 3854 na
730 3802 765 3856 l'a
783 3818 830 3868 pas
848 3818 922 3855 assez
944 3799 1088 3870 remarquc,
1112 3816 1309 3869 amyone-nous,
1335 3800 1393 3853 isla

176 3890 256 3942 satire
275 3893 365 3945 meme.
390 3890 470 3944 Aussi
489 3889 546 3942 bien
566 3906 615 3958 que
634 3891 657 3943 le
676 3890 787 3955 tbe'atre,
805 3891 831 3943 la
851 3890 937 3958 satire,
956 3891 979 3943 si
994 3890 1021 3958 je
1040 3889 1098 3957 puis
1121 3889 1188 3943 ainsi
1207 3889 1300 3957 parler,
1318 3905 1335 3941 a
1353 3903 1394 3940 ses

176 3976 226 4030 lois
243 3976 275 4031 de
293 3979 461 4047 perspectiva,
480 3981 587 4044 partant
605 3995 645 4030 ses
663 3978 811 4047 privileges,
830 3994 872 4031 ses
891 3970 1046 4032 accessitis?

283 4105 294 4136 ²
313 4101 370 4156 Gir.
382 4101 417 4157 ib.
437 4101 610 4175 'Affaiblissez
622 4117 670 4169 par
682 4102 709 4155 la
721 4100 815 4170 pensae
832 4103 957 4170 quelques
975 4101 1056 4155 eclats
1075 4101 1106 4154 dc
1119 4117 1149 4154 sa
1161 4100 1227 4166 voix,
1245 4099 1394 4152 adoucissez

176 4189 242 4241 dans
260 4190 372 4243 certains
396 4188 428 4243 de
454 4206 494 4243 ses
512 4189 635 4242 tableaux
654 4190 777 4258 quelques
795 4191 913 4244 couleurs
932 4194 991 4258 trop
1010 4188 1142 4258 chargees,
1161 4197 1187 4242 et
1205 4203 1270 4256 pour
1288 4186 1314 4238 le
1332 4185 1394 4240 lond

177 4276 223 4330 des
240 4277 330 4331 choses
349 4294 411 4331 rous
430 4294 499 4332 serez
519 4280 707 4331 constammeut
726 4277 791 4332 dans
810 4278 834 4332 le
853 4272 926 4334 vrai'
