3266 4902
857 231 897 298 16

771 323 981 334 —--—.-

268 463 333 510 una
363 439 510 510 Cornelia
541 443 613 510 vira
639 449 757 509 terram
785 445 890 511 subiit.
939 443 1000 510 Sed
1030 463 1132 528 neque
1155 442 1305 523 Plinius,¹
1333 447 1388 529 qui
1417 467 1483 512 rem

268 552 368 616 fusius
391 557 511 628 narrat,
533 571 635 634 neque
657 550 842 617 Suetonius²
865 551 1004 634 Crispini
1020 552 1207 616 mentionem
1224 552 1364 630 faciunt3
1388 553 1482 619 immo

268 664 378 740 aperte
401 656 511 722 dicunt
533 663 729 740 stupratores
744 657 777 722 iu
794 659 922 723 comitio
938 657 979 723 ad
995 664 1126 723 mortem
1146 678 1254 722 caesos
1275 679 1342 725 esse
1357 666 1483 742 praeter

269 762 479 839 Licinianum,
507 763 561 845 qui
588 763 682 828 exilio
715 764 866 829 multatus
888 769 945 829 est.
990 763 1108 829 Tamen
1141 763 1298 828 iuvenalis
1327 765 1483 829 mendacii

269 869 447 952 arguendus
470 889 533 934 non
557 875 613 933 est
658 868 741 934 Nam
757 868 796 933 de
812 869 977 936 Corneliae
993 875 1104 953 stupro
1127 868 1183 933 illo
1199 869 1289 934 fatali
1310 890 1483 934 sermonem

271 996 335 1039 uon
360 995 428 1040 esse
450 981 538 1058 puto,
560 975 614 1039 sed
638 974 677 1040 de
698 975 804 1058 priore
819 975 886 1040 eius
902 976 1034 1058 virginis
1050 975 1204 1040 facinore³
1225 975 1275 1039 rel
1291 974 1329 1040 de
1345 974 1483 1040 facinore

270 1080 351 1146 alius
378 1080 541 1144 cuiusdam
567 1080 697 1163 virginis
722 1081 867 1148 Vestalis,
905 1080 985 1145 Nam
1001 1080 1203 1164 participium
1222 1080 1303 1174 iilud
1319 1069 1482 1177 ‘subitura'

270 1207 333 1250 non
358 1186 460 1251 solum
483 1186 546 1250 rim
569 1185 687 1250 habere
708 1192 812 1270 potest
835 1206 927 1284 tquae
949 1194 1060 1269 postea
1083 1174 1201 1264 subiit',
1225 1187 1279 1250 sed
1303 1187 1398 1251 etiam
1422 1187 1482 1283 tcui

269 1292 442 1376 perieulum
467 1291 620 1357 subeundi
643 1280 848 1356 imminebat'.
893 1292 985 1357 Hanc
1007 1292 1133 1376 saepius
1156 1291 1273 1356 habere
1297 1293 1360 1357 vim
1382 1293 1484 1376 parti-

269 1398 385 1481 cipium
396 1396 486 1462 docet
498 1397 727 1475 Heinrichius,4
747 1398 802 1481 qui
818 1404 982 1481 comparat
998 1397 1051 1462 VI.
1065 1399 1117 1462 44.
1136 1385 1327 1495 (periturus.
1352 1398 1483 1463 Adulter

270 1503 353 1572 enim
383 1503 417 1567 in
447 1503 609 1568 comoedia
638 1524 701 1568 non
735 1504 833 1587 perit,
863 1504 918 1569 sed
947 1504 979 1568 iu
1011 1525 1131 1570 summe
1160 1503 1301 1587 periculo
1331 1511 1481 1569 versatur.

270 1609 353 1673 Huic
375 1609 518 1692 exemplo
546 1609 663 1674 addere
692 1609 784 1674 velim
815 1610 901 1674 XIV.
927 1613 999 1674 314.
1031 1597 1203 1706 ‘passurus'
1233 1610 1253 1673 i.
1277 1630 1302 1673 e.
1325 1609 1482 1676 versimile

270 1720 318 1780 est
340 1736 411 1779 eum
433 1735 602 1798 passurum
624 1735 692 1780 esse
715 1715 939 1781 erviliam.
964 1703 1149 1813 (lugendus,
1172 1715 1206 1779 in
1222 1736 1284 1798 quo
1301 1716 1369 1781 loco
1385 1715 1481 1780 inter-

270 1820 425 1903 pretando
449 1819 629 1896 scholiasta,
652 1820 708 1902 qui
732 1824 896 1902 nugatur‚⁵
918 1827 1046 1884 auctore
1068 1821 1143 1883 olim
1167 1821 1262 1884 simili
1285 1821 1378 1886 mode
1398 1842 1483 1885 erra-

269 1933 336 1990 tum
359 1932 417 1991 est.
463 1924 546 1989 Nam
569 1946 675 1989 servus
695 1925 749 1989 ille
765 1946 784 1988 a
799 1925 952 1988 matronis
968 1945 1032 1987 nou
1047 1923 1224 2006 lugebatur,
1248 1925 1304 1989 sed
1324 1926 1483 1990 Iuvenalis

269 2031 372 2097 dicere
396 2031 496 2095 voluit
518 2050 588 2095 eum
611 2051 674 2094 non
698 2029 801 2094 minus
824 2029 956 2111 dignum
978 2029 1085 2105 fuisse,
1109 2030 1163 2112 qui
1187 2030 1374 2094 amatronis
1394 2030 1483 2113 luge·

267 2147 367 2214 retur,
391 2157 487 2220 quam
511 2136 615 2219 ipsum
639 2136 781 2199 Brutum.
827 2136 878 2199 lta
900 2135 927 2199 si
950 2134 1010 2201 hoc
1037 2135 1105 2199 loce
1128 2137 1381 2219 interpretamur,
1404 2157 1483 2200 una-

270 2263 412 2326 quaeque
435 2241 574 2307 Vestalis
598 2241 695 2323 virgo,
719 2261 800 2323 quae
815 2241 969 2305 incestum
985 2239 1182 2316 admittebat,
1205 2247 1322 2305 terram
1338 2239 1483 2304 subitura

273 2355 349 2412 erat.
396 2346 501 2423 Quare
523 2352 647 2429 poetam
671 2346 845 2428 respexisse
860 2345 900 2410 ad
917 2344 1083 2409 Corneliae
1106 2350 1248 2427 stuprum
1271 2366 1334 2409 non
1357 2365 1482 2408 necesse

272 2460 327 2518 est.
374 2453 419 2516 De
442 2453 512 2535 ipsa
534 2473 568 2517 re
590 2449 799 2515 dubitandum
823 2451 948 2516 videtur
970 2471 1034 2515 non
1057 2471 1134 2528 esse,
1163 2472 1233 2515 curu
1264 2451 1320 2516 illo
1343 2456 1482 2534 tempore

275 2558 453 2625 Vestalium
476 2558 596 2622 incesta
618 2577 712 2641 saepe
733 2558 998 2640 neglegerentur.6

272 2839 380 2894 allowed
408 2835 453 2892 the
480 2838 566 2892 eheice
584 2837 613 2891 of
629 2837 716 2891 death.
761 2839 793 2890 Α.
812 2838 842 2891 D.
863 2839 895 2892 91
915 2838 1048 2891 Domitian
1074 2836 1165 2890 buried
1184 2836 1229 2890 the
1249 2836 1337 2889 fourth
1357 2837 1437 2903 alive;
1461 2837 1484 2891 it

272 2945 325 2982 was
344 2927 406 2980 with
426 2927 472 2979 her
494 2925 629 2993 therefore,
654 2925 783 2989 Cornelia,
808 2925 867 2978 that
891 2925 1028 2992 Crispinus
1052 2924 1202 2977 cemmItted
1227 2926 1317 2978 incest.
1353 2924 1408 2977 The
1434 2925 1482 2978 fut.

272 3015 392 3069 subitura
409 3015 433 3066 is
451 3012 553 3082 strictly
571 3015 699 3079 accurate,
723 3029 752 3066 as
776 3011 823 3065 the
848 3013 945 3066 Dacian
970 3028 1031 3080 war,
1055 3013 1082 3065 in
1106 3011 1190 3064 which
1210 3012 1310 3064 Fuscus
1335 3011 1393 3065 died
1412 3013 1483 3082 (JuV.

272 3120 325 3158 ver.
345 3103 459 3170 111-2)
478 3101 559 3171 began
580 3102 614 3155 86
632 3101 663 3154 A.
682 3102 714 3155 Ι).

379 3212 388 3241 ¹
407 3207 462 3262 Cfr.
480 3207 549 3261 Plin.
568 3222 607 3274 ep.
625 3207 672 3261 IV.
693 3207 733 3260 11.

378 3313 462 3367 ²Cfr.
482 3313 552 3366 Suet.
572 3315 619 3366 vit.
639 3313 713 3367 Dem.
732 3313 756 3366 8.

378 3423 390 3453 ³
408 3419 463 3472 Csr.
482 3419 516 3472 ih.
536 3461 552 3495 (-
566 3460 572 3473 .
587 3461 593 3473 .
608 3460 614 3473 .
627 3435 686 3471 mox
699 3417 854 3483 Corneliam,
875 3417 1014 3469 maximam
1029 3415 1163 3483 virginem,
1182 3413 1371 3468 absolutam
1390 3415 1484 3482 elim,

272 3509 330 3562 dein
348 3507 427 3576 lengo
445 3507 583 3561 intervallo
607 3506 743 3574 repetitam
768 3507 847 3572 atque
871 3505 1013 3557 convictam
1039 3502 1125 3556 defodi
1148 3503 1286 3570 imperarit
1309 3505 1484 3570 stupratores·

272 3614 321 3665 que
339 3589 396 3654 eto’

377 3700 437 3753 ⁴In
457 3699 577 3754 editionis
596 3716 658 3752 suae
676 3698 726 3753 voi.
745 3699 779 3753 II.
799 3714 860 3766 pag.
881 3697 939 3752 172.
976 3696 1097 3750 Weidner
1116 3695 1142 3749 in
1162 3696 1273 3750 editione
1291 3697 1373 3750 altera
1391 3712 1484 3763 quarn·

272 3805 350 3858 quam
369 3788 515 3841 Corneliam
534 3804 583 3840 non
603 3791 691 3854 aperte
708 3786 847 3856 significat,
866 3789 951 3838 tamen
971 3784 1003 3838 de
1020 3801 1051 3837 ea
1069 3784 1183 3852 cogitare
1201 3784 1312 3838 videtur.

378 3898 390 3928 ⁶
408 3894 479 3949 Dicit
496 3894 579 3947 enim:
598 3892 744 3968 (Vindicius
762 3908 852 3944 servus
870 3891 914 3959 qui
933 3890 1059 3943 indicavit
1072 3889 1140 3942 filios
1154 3889 1230 3943 Bruti
1243 3888 1383 3956 Tarquinio
1396 3891 1484 3955 portas

273 3982 340 4036 velle
358 3997 478 4036 reserare.
515 3981 585 4047 Quos
603 3984 677 4049 pater
695 3981 777 4033 securi
796 3979 875 4046 feriit,
894 3995 996 4031 serrum
1015 3982 1103 4032 autem
1123 3980 1154 4030 ut
1165 3980 1369 4030 conservatorem
1384 3976 1484 4042 patriae

274 4071 444 4125 manumisit
466 4073 493 4123 et
519 4072 549 4123 ut
572 4068 712 4122 delatorem
731 4067 891 4120 dominorum
912 4067 980 4120 cruci
999 4065 1098 4120 adfixit.
1135 4063 1209 4130 Quod
1233 4063 1329 4117 facturn
1350 4066 1483 4116 matronae

274 4151 447 4227 planxerunt’

380 4263 464 4319 8Cfr.
484 4263 555 4317 Suet.
574 4263 620 4317 vit.
639 4263 714 4316 Dein.
733 4263 758 4317 8.
