3266 4902
741 239 783 302 23

655 329 866 340 ——--—-

156 457 212 518 est.
259 450 402 536 Suspicio
426 473 497 517 vero
515 451 675 516 Weidneri
693 448 859 515 ‘Blandum
881 446 982 512 filium
1005 467 1072 510 esse
1096 444 1239 528 spurium
1254 443 1368 508 Plauto

156 581 195 624 ex
219 558 394 642 Agrippina
423 563 558 633 netnml,
588 556 778 622 testimoniis
810 576 872 621 non
905 553 1132 628 commearet,
1161 549 1215 616 sed
1238 571 1368 632 prorsus

155 665 256 730 futilis
287 670 342 729 est.
402 663 511 728 Filius
532 663 639 728 Plauti
670 663 730 728 hoc
762 661 830 728 loco
862 660 982 743 signari
1013 657 1140 723 omnino
1172 679 1235 722 uon
1264 660 1370 740 potest

155 776 284 854 propter
308 769 463 834 rationem
486 775 670 852 temporum.
718 767 805 845 Quae
829 766 977 834 Weidner
1006 765 1084 830 dicit
1107 764 1148 828 ed
1171 785 1198 829 v.
1224 765 1275 840 71,
1300 764 1369 827 72²

155 875 236 941 falsa
265 882 347 943 sunt.
398 875 479 940 Nam
509 875 658 950 Plautus,
688 880 725 938 ut
755 859 1032 958 supra'vidimus
1061 875 1135 935 ante
1166 891 1284 934 annum
1314 872 1366 934 33.

155 989 249 1047 natus
272 1003 335 1046 non
359 987 415 1046 est.
459 981 542 1061 Quid
565 981 651 1064 quod
673 981 741 1064 ipse
764 980 864 1044 Ner0³
888 979 927 1044 de
950 965 1099 1077 ‘iuventa’
1124 977 1191 1042 eius
1214 975 1365 1059 loquitur.

155 1088 255 1153 Filius
278 1094 405 1163 autem,
437 1086 463 1150 si
487 1086 732 1170 quem÷habuit‚
760 1106 838 1170 puer
860 1084 956 1150 fuerit
978 1105 1103 1150 necesse
1126 1087 1173 1147 est
1195 1103 1367 1166 paucorum

155 1214 328 1269 annorum,
356 1213 426 1257 cum
449 1191 533 1257 Nero
556 1193 658 1276 periit.
706 1191 755 1257 Ad
779 1192 864 1258 hunc
886 1189 982 1256 verba
1004 1196 1116 1273 poetae
1138 1193 1281 1271 spectare
1304 1209 1367 1251 uon

155 1305 295 1384 possunt.
342 1298 461 1364 Flaviis
484 1304 589 1364 autem
612 1298 841 1382 imperantibus
865 1297 917 1361 vix
940 1296 1109 1379 quisquam
1133 1300 1202 1358 erat
1228 1291 1368 1391 tinflatus

154 1404 328 1489 plenusque
354 1404 478 1470 Nerone
506 1392 706 1488 propinquo'.
760 1403 906 1486 Denique
934 1403 1041 1467 obstet
1063 1399 1232 1465 Weidnero
1262 1420 1289 1463 v.
1317 1401 1367 1466 71.

155 1533 258 1608 (quem
283 1509 376 1574 nobis
396 1509 503 1575 fama
526 1509 695 1593 superbum
719 1496 838 1576 tradit'.
876 1507 1034 1573 Iuvenalis
1053 1506 1135 1570 enim
1151 1505 1250 1588 prius,
1273 1526 1366 1588 quem

154 1617 260 1681 Plauti
283 1615 368 1680 filius
391 1616 518 1682 omnino
541 1616 628 1680 nesci
652 1615 764 1699 potuit,
787 1619 844 1680 aut
864 1618 947 1678 certe
971 1611 1077 1677 eodem
1100 1617 1249 1695 tempore,
1272 1615 1367 1676 natus

75 1717 79 1724 “
155 1729 210 1788 est.
256 1723 369 1806 Itaque
391 1721 552 1786 Weidneri
575 1720 744 1804 explicatio
767 1719 849 1786 falsa
873 1726 928 1784 est.

260 1827 392 1904 Eodem,
415 1848 477 1911 quo
494 1826 651 1905 Weidner,
667 1847 772 1892 errore
787 1825 958 1891 obstrictus
974 1828 1021 1888 est
1036 1821 1173 1908 mayore.
1208 1822 1366 1887 Blandum

153 1933 200 1999 ait
223 1955 289 1998 esse
311 1932 414 1998 filium
436 1932 552 2010 Plauti,
575 1954 602 1997 v.
627 1934 679 1997 42.
703 1953 773 1998 eum
796 1928 946 1996 confundi
968 1951 1040 1994 cum
1062 1934 1162 2012 patre.

259 2039 425 2122 Equidem,
453 2039 528 2122 quia
550 2037 633 2103 Iulia
655 2045 756 2103 mater
778 2037 845 2102 eius
869 2042 925 2113 est,
949 2034 988 2100 de
1011 2055 1073 2118 quo
1097 2035 1213 2116 agitur,
1237 2038 1268 2098 et
1291 2033 1367 2115 quia

153 2151 265 2227 poetae
289 2145 384 2209 verba
406 2143 447 2208 ad
470 2165 578 2220 unum,
602 2165 695 2226 quem
710 2165 768 2208 nos
784 2142 911 2227 quidem
926 2141 1078 2217 novimus
1101 2138 1203 2204 filium
1217 2138 1366 2202 Plautum

153 2249 313 2334 pertinere
336 2248 464 2314 minime
486 2255 627 2333 possunt,
652 2247 734 2312 nihil
757 2248 913 2331 reliquum
937 2269 1003 2312 esse
1025 2251 1113 2330 pute,
1136 2266 1232 2328 quam
1251 2250 1288 2308 ut
1303 2265 1367 2308 ser-

153 2375 277 2419 monem
311 2375 378 2419 esse
412 2360 589 2420 statuamus
624 2354 662 2418 de
692 2354 790 2419 fratre
820 2353 952 2418 Plauti
993 2353 1097 2434 Atque
1126 2350 1226 2416 frater
1259 2349 1366 2416 Plauti

155 2467 415 2525 commemoratur
438 2460 525 2544 apud
549 2461 727 2536 Orellium⁵‚
751 2479 840 2526 soror
863 2457 949 2542 aqud
964 2457 1173 2525 Henzeuum⁶‚
1214 2455 1305 2536 Quod
1328 2455 1366 2520 de

153 2687 238 2741 lichen
258 2688 336 2742 Sinne
360 2690 455 2742 konnte
474 2705 501 2742 er
520 2689 562 2742 liis·
580 2690 667 2742 scinco
686 2689 776 2742 Zweck
796 2688 843 2742 das
861 2689 993 2756 concipere
1012 2690 1038 2740 te
1056 2687 1123 2742 auch
1142 2704 1191 2740 von
1211 2686 1256 2740 der
1275 2686 1369 2740 Gross·

154 2779 252 2830 mutter
270 2777 315 2830 des
334 2777 452 2831 Blandus
469 2771 650 2847 gebr·aucben.'

261 2865 363 2918 1Nihil
388 2866 479 2918 afferre
502 2867 588 2932 potest
610 2866 661 2918 nisi
686 2865 745 2919 Tse.
770 2865 845 2918 XllI.
871 2867 912 2919 19.
957 2906 972 2941 ί.
992 2905 998 2919 .
1019 2904 1025 2917 .
1049 2864 1219 2917 destinavisse
1242 2879 1298 2916 eam
1322 2863 1367 2931 (sc.

154 2953 338 3022 Agrippinam)
357 2954 507 3008 Rubellium
528 2953 668 3022 Plautum,
694 2971 738 3022 per
762 2957 906 3007 rnaternam
926 2953 1051 3020 originem
1071 2953 1128 3019 pari
1147 2968 1177 3005 ac
1195 2951 1264 3004 Nero
1282 2950 1367 3020 gradu

152 3040 246 3094 adiro
265 3042 399 3110 Augusto,
425 3041 458 3095 ad
482 3058 523 3094 res
547 3059 627 3095 noras
651 3043 773 3096 extollere
798 3042 969 3110 coniugioque
993 3042 1048 3094 eius
1072 3043 1098 3094 et
1116 3040 1168 3094 iam
1188 3039 1295 3107 imperio
1313 3055 1366 3092 rem

152 3129 284 3196 publicam
299 3145 393 3182 rursus
411 3123 551 3183 invadere'

259 3217 358 3269 euicit
381 3218 463 3269 enim:
493 3217 556 3293 tAus
580 3217 662 3271 dieser
680 3217 760 3271 Stelle
783 3219 819 3271 ist
842 3217 915 3270 nieht
938 3233 971 3270 zu
995 3216 1149 3285 schliessen,
1175 3216 1235 3270 dass
1259 3216 1368 3270 Iuvenal

152 3304 201 3357 den
215 3304 354 3358 Rubellius
374 3305 491 3358 Blandus
510 3306 559 3359 mit
578 3306 714 3360 Rubellius
732 3305 845 3359 Plautus
866 3308 943 3358 unter
961 3305 1030 3358 Nero
1049 3304 1216 3358 verwechselt
1234 3305 1289 3358 hat.
1326 3305 1367 3357 lm

153 3391 322 3462 Gegentheil:
348 3397 445 3446 unter
463 3393 640 3454 Nerofwar
658 3395 801 3448 Plautus
826 3395 901 3447 lein
926 3393 1060 3448 iuvenis
1085 3393 1190 3462 mehr,
1215 3392 1283 3447 wohl
1307 3393 1368 3446 aber

153 3481 206 3533 sein
226 3481 296 3534 Sohn
316 3475 450 3540 Blandus'

259 3569 341 3623 ⁸Clr.
362 3569 422 3625 Teo.
443 3588 501 3625 ann.
521 3571 593 3625 XIV.
614 3572 656 3624 22.
676 3571 749 3646 tEsse
766 3571 806 3624 illi
826 3573 871 3639 (sc.
884 3556 994 3638 Plauto)¹
1011 3587 1056 3638 per
1069 3571 1159 3624 Asiam
1178 3571 1262 3622 avitos
1280 3585 1367 3640 agros,

152 3657 179 3710 in
198 3656 293 3724 quibus
311 3659 371 3710 tuta
389 3662 416 3711 et
433 3659 567 3712 inturbida
585 3659 726 3712 iuventa
745 3653 893 3714 frueretur.’

259 3745 344 3800 ‘Clu
369 3763 434 3814 quae
458 3745 522 3799 dicit
544 3746 636 3815 Meyer
654 3746 687 3800 ad
706 3763 730 3801 v.
749 3749 791 3801 39.
829 3789 844 3822 (.
865 3789 871 3801 .
892 3789 898 3801 .
917 3747 971 3800 One
997 3764 1042 3800 son
1069 3747 1114 3813 (sc.
1134 3746 1235 3812 Plauti)
1259 3763 1368 3814 appears

131 3835 192 3908 h(as
212 3849 264 3886 was
284 3834 369 3901 usual)
393 3837 420 3886 to
443 3833 509 3887 have
527 3834 648 3888 assumed
667 3834 709 3887 his
727 3834 920 3902 grandfather's
938 3851 1095 3902 cognomen,
1119 3834 1170 3888 and
1188 3835 1214 3888 in
1234 3835 1368 3888 Juvenal's

152 3922 216 3974 time
239 3925 267 3975 to
292 3922 357 3974 have
374 3921 434 3974 been
455 3921 588 3976 notorious
607 3922 647 3976 for
665 3923 707 3975 his
725 3922 798 3990 pride
816 3923 844 3976 of
861 3917 949 3978 birth?
986 3923 1027 3978 Id.
1046 3922 1079 3976 ad
1098 3940 1122 3977 v.
1141 3925 1184 3978 42.
1221 3923 1367 3999 tRubellius

152 3986 265 4062 Blautus
284 4010 328 4062 the
346 4008 441 4077 father,
461 4010 518 4063 who
537 4027 590 4062 was
608 4009 653 4063 the
671 4027 717 4063 son
736 4010 764 4063 of
775 4011 856 4078 dulia,
874 4012 898 4064 is
917 4012 977 4065 hero
996 4010 1151 4064 confouudet
1168 4010 1232 4064 with
1248 4011 1290 4064 his
1303 4013 1367 4066 son’

259 4096 342 4151 ⁵Clr.
362 4098 438 4152 inser.
458 4099 517 4154 678.
567 4097 757 4151 COMMVNIO
777 4098 899 4152 VRRNA
918 4099 926 4167 ll
946 4097 1129 4152 ANTONIAR
1148 4098 1339 4153 AVGVSTAR
1359 4092 1368 4163 ΙΙ

152 4185 184 4240 V.
204 4187 236 4239 A.
253 4185 289 4238 Π.
309 4183 387 4240 MRS.
406 4185 438 4240 X.
458 4184 466 4255 ll
485 4185 712 4240 OOLLAOTRVS
731 4185 840 4240 DRVSI
858 4186 867 4258 ll
885 4186 1021 4240 BLANDI
1042 4186 1072 4243 F.

259 4275 269 4306 ⁶
289 4270 343 4326 eo.
362 4273 438 4326 inser.
459 4275 535 4329 5395.
