3266 4902
822 214 942 276 40·

734 303 944 310 --—-—-—

706 423 769 488 Sat.
794 421 833 485 X.
859 425 910 486 85.
934 444 980 505 sq.

761 563 913 639 (Curramus
932 564 1084 631 praccipites
1102 567 1128 616 et

463 652 531 703 Dum
550 652 617 704 iacet
633 651 660 704 in
680 652 744 719 ripa,
764 652 891 704 calcemus
911 651 1029 704 Caesaris
1048 652 1156 704 hostem.

461 739 512 790 Sed
532 738 637 792 rideant
655 741 730 807 servi,
750 741 857 806 nequis
876 742 953 807 neget
972 744 997 792 et
1016 739 1139 806 pavidum
1159 741 1186 792 in
1206 739 1247 792 ius

461 827 565 880 Corrice
584 827 709 881 obstricta
727 827 858 880 dominum
878 819 984 881 trahat'.

339 1002 430 1068 Talia
459 1003 555 1070 fuisso
586 1025 693 1068 revera
722 1004 836 1067 civium
866 1005 962 1068 verba
993 1024 1082 1068 nemo
1113 1025 1208 1068 sanus
1239 1004 1354 1081 credit;
1389 1004 1449 1069 hoo

236 1129 333 1171 unum
358 1110 537 1191 quaeritur,
568 1117 690 1186 utrum,
721 1132 777 1174 cur
806 1110 853 1174 ita
880 1111 1084 1191 loquerentur
1114 1111 1196 1174 cives
1223 1109 1394 1174 habuerint
1416 1119 1449 1175 et

234 1214 387 1279 eiusmodi
409 1216 504 1281 verba
528 1237 579 1279 eos
595 1216 713 1279 dixisse
730 1216 777 1278 vel
793 1216 947 1296 cogitasse
963 1215 1130 1280 verisimile
1147 1216 1197 1292 sit,
1221 1237 1261 1281 an
1278 1214 1328 1278 his
1344 1215 1448 1279 verbis

233 1320 313 1383 falsa
337 1327 514 1403 temporum
537 1322 665 1384 illorum
689 1321 810 1385 oriatur
833 1321 946 1400 imago.
992 1321 1096 1402 Atque
1120 1321 1197 1402 quin
1221 1321 1370 1385 hocloco
1394 1322 1449 1385 Ti·

233 1425 339 1488 berius
355 1425 466 1490 acerbe
482 1433 617 1502 notetur,
634 1426 775 1490 dubitari
788 1427 906 1509 nequit,
922 1447 1113 1509 quamquam
1127 1427 1312 1510 Freytagius
1326 1433 1447 1508 negat.l

234 1530 351 1625 tTurba
379 1519 479 1595 Remi>
513 1540 625 1614 poetae
659 1531 798 1596 ludibrio
833 1538 889 1608 est,
924 1531 979 1596 sed
1011 1531 1138 1597 Tiberio
1172 1531 1300 1595 minime
1335 1533 1447 1615 parcit.

156 1640 158 1644 ’
233 1640 338 1719 Atque
361 1637 502 1702 versibus
525 1638 589 1701 illis
613 1659 682 1702 mea
706 1637 862 1702 sententia
885 1637 962 1702 haec
978 1638 1212 1720 vituperantur:
1241 1638 1376 1719 primum
1400 1637 1449 1701 di-

234 1742 324 1806 cendi
347 1741 547 1825 faciendique
571 1743 629 1806 sub
653 1743 779 1807 Tiberio
796 1743 926 1807 libertas
942 1739 1035 1807 nimis
1056 1744 1200 1818 coercita,
1224 1750 1291 1806 tum
1307 1743 1449 1826 pericula

233 1847 434 1912 dominis-ab
457 1849 535 1930 ipsis
559 1849 657 1912 servis
680 1849 886 1912 imminentia.
927 1843 1071 1912 Libertas
1088 1856 1193 1912 autem
1210 1849 1450 1931 opprimebatur

233 1961 265 2017 et
288 1953 465 2017 delatorum
487 1953 773 2018 machinationibus
797 1961 827 2018 et
849 1953 947 2036 ipsius
971 1954 1124 2037 principis
1147 1955 1328 2036 asperitate.

338 2058 406 2122 iam
436 2064 610 2141 spectemus
643 2058 675 2122 id
704 2060 808 2141 ipsum
839 2065 978 2141 tempuS,
1013 2059 1052 2122 de
1082 2080 1144 2140 quo
1179 2059 1246 2140 agit
1279 2058 1448 2122 Iuvenalis.

234 2164 338 2244 Atque
362 2163 467 2228 Seiani
491 2164 671 2247 proditione
695 2165 826 2240 detecta,
861 2167 887 2228 si
910 2165 1053 2228 Tacitum
1084 2171 1115 2228 et
1137 2165 1270 2229 Dionem
1302 2171 1447 2229 auctores

234 2269 403 2350 sequimur,
427 2270 727 2351 periculosissimum
750 2277 819 2334 erat
842 2271 927 2334 illius
943 2270 1004 2333 riri
1027 2270 1162 2333 amicum
1186 2291 1252 2335 esse
1275 2269 1323 2333 vel
1340 2269 1450 2332 videri.

234 2373 315 2437 Nam
346 2381 376 2438 et
398 2374 558 2438 Tiberius²
587 2382 618 2439 et
640 2379 784 2440 senatus3
807 2382 839 2440 et
862 2376 998 2457 vulgus,4
1027 2376 1109 2438 alins
1138 2376 1204 2439 alia
1226 2375 1265 2438 de
1288 2396 1392 2450 causa,
1416 2377 1451 2439 in

234 2479 340 2544 Seiani
362 2479 535 2544 familiares
558 2481 860 2546 animadvertebant.
906 2479 971 2544 Neo
1002 2480 1142 2556 deerant,
1174 2481 1228 2563 qui
1259 2481 1365 2563 palam
1395 2501 1451 2562 pe·

234 2585 375 2650 stiferam
414 2587 504 2650 illam
545 2587 716 2651 amicitiam
756 2587 993 2651 dissimularent
1035 2586 1283 2668 simularentque
1316 2586 1451 2650 odium⁵

233 2765 340 2772 ——...-—

341 2855 350 2884 1
369 2851 422 2904 cfr.
437 2851 568 2920 Freytagii
583 2852 711 2927 (Tiberius
731 2851 782 2903 und
795 2845 909 2904 Tacitns'
929 2867 989 2918 pag.
1009 2852 1069 2904 345.
1089 2867 1126 2918 sq.
1152 2850 1215 2926 (Ans
1235 2849 1319 2903 diesen
1339 2850 1451 2902 Aeusso-

234 2955 334 3004 rungen
363 2954 453 2990 unsers
476 2939 598 2991 Diclrters
628 2940 739 2991 konnten
769 2939 809 2991 die
834 2939 1012 3005 prinzipiollen
1039 2937 1228 3005 Vordtchtiger
1256 2937 1301 2990 des
1331 2938 1451 2990 Tiberius

236 3025 379 3094 mbglicher
398 3027 482 3078 Woise
507 3027 615 3092 Kapital
640 3043 723 3094 gegen
748 3027 794 3079 ihn
819 3042 852 3078 zu
876 3026 998 3093 sclrlagen
1024 3026 1164 3078 versuclian
1185 3067 1295 3080 .....
1334 3026 1391 3078 Wie
1410 3025 1452 3078 die

235 3113 294 3166 dom
319 3113 411 3166 Kaisar
435 3114 617 3167 nicht-direlrt
645 3114 817 3168 verfeindeten
844 3115 1024 3182 Zeitgonossen
1049 3132 1077 3167 so
1104 3114 1150 3166 hat
1177 3115 1243 3166 auch
1275 3112 1320 3166 der
1343 3113 1452 3166 Dichter

234 3203 345 3271 gefuhlt,
365 3201 425 3255 dass
439 3202 484 3254 der
497 3203 588 3254 Kaiser
600 3220 650 3255 nur
663 3221 694 3256 zu
714 3202 843 3256 bedauern
863 3220 924 3256 war.
950 3202 1119 3268 Uebcrhaupt
1137 3203 1219 3269 giosst
1238 3202 1346 3254 Iuvenal
1365 3201 1452 3254 seinen

234 3307 283 3342 nur
302 3307 334 3342 zu
353 3289 529 3359 bcreohtigten
549 3291 614 3344 Zorn
634 3291 844 3344 ausschliosslioh
863 3291 925 3344 iiber
944 3291 991 3343 das
1009 3289 1068 3342 feile
1087 3290 1214 3343 romische
1233 3290 1301 3342 Vollr
1319 3283 1383 3342 aus‘

341 3396 425 3450 20fr.
450 3397 509 3450 Tac.
533 3413 592 3452 ann.
618 3397 664 3450 VI.
685 3399 725 3451 19.
755 3391 941 3472 (Inritatus'que
960 3395 1094 3464 suppliciis
1117 3399 1162 3462 (se.
1186 3395 1315 3462 Tiberius)
1334 3399 1452 3462 cunctos,

176 3489 177 3492 ’
220 3475 278 3550 'qui
297 3500 395 3536 caruero
418 3484 597 3538 attinebantur
614 3485 728 3537 accusati
746 3485 878 3537 societatis
897 3501 953 3538 curn
971 3483 1071 3550 Seiano,
1090 3483 1176 3535 necari
1188 3483 1290 3559 ‚iubet
1313 3483 1451 3550 Iacuitque

234 3572 361 3625 immensa
370 3576 479 3640 strages,
492 3574 575 3625 omnis
585 3589 668 3640 sexus,
678 3573 761 3624 omnis
771 3576 851 3640 aetas,
864 3574 979 3625 illustres
989 3571 1122 3641 ignobiles,
1136 3571 1245 3638 dispersi
1255 3574 1301 3624 aut
1311 3565 1449 3640 aggerati'

343 3681 353 3712 ⁸
372 3677 426 3732 cfr.
446 3677 545 3731 Stalrrii
564 3672 700 3753 ‘Tiberius'
720 3694 779 3747 pag.
799 3679 859 3732 237.

342 3786 353 3817 ⁴
372 3783 425 3838 Cir.
444 3784 476 3838 D.
497 3784 568 3838 Cass.
590 3787 630 3839 58.
652 3786 692 3838 12.
731 3777 763 3858 50
781 3805 810 3834 τε
835 3779 886 3854 γὰρ
912 3783 994 3849 δῆμος
1020 3785 1046 3834 εἲ
1066 3779 1117 3835 rror‘¹
1136 3797 1198 3834 τινα
1211 3782 1272 3834 ’τῶν
1289 3788 1357 3852 ¹us'ya
1376 3776 1464 3852 stapsi*¹

234 3871 273 3936 τῷ
293 3871 403 3937 Σηιανῴ
421 3870 597 3936 δυνηθέντων
615 3878 658 3922 καὶ
678 3866 712 3924 διΊ
732 3865 813 3923 αὐτὸν
831 3865 1003 3940 ὑβρισάντων
1019 3892 1046 3922 τι
1066 3870 1143 3932 εἶδεν,
1165 3864 1305 3940 e'qrdrrccev.²

340 3982 352 4012 ὅ
370 3977 423 4032 Cir.
448 3979 479 4032 D.
500 3978 571 4032 Cast.
592 3981 633 4034 58.
655 3981 695 4032 10.
722 3971 812 4052 ιἌλλοι
835 3972 886 4042 την
911 3975 1002 4046 φιλίαν
1026 3971 1076 4041 την
1094 3971 1159 4046 πρὸς
1184 3970 1266 4028 αἰετὸν
1291 3972 1454 4046 ἐπηλαγαζί-

232 4087 311 4133 μενοι
324 4107 329 4118 .
344 4107 349 4118 .
364 4107 369 4116 .
385 4106 389 4117 .
403 4072 449 4117 καί
459 4086 529 4121 τινες
541 4072 585 4116 καὶ
598 4065 782 4130 ἐξανέστησαν
800 4065 855 4116 τῶν
874 4066 1088 4136 συγκαθημένων
1106 4057 1185 4128 airqi'
1206 4064 1250 4132 (sc.
1269 4079 1328 4116 cum
1343 4065 1454 4136 epistola

233 4154 330 4206 Tiberii
354 4155 527 4221 recitaretur);
551 4155 585 4208 ib.
614 4154 660 4207 lei.v
692 4147 830 4228 ιΈμήννσν
855 4151 885 4204 δὲ
910 4147 1058 4217 ὂηταῦτα
1085 4147 1161 4203 (illoc
1187 4171 1217 4202 τε
1246 4157 1290 4202 καὶ
1322 4145 1397 4202 αὐτοὶ
1428 4151 1456 4204 οἱ

232 4239 350 4309 μάλιστα
369 4236 417 4293 τὸν
436 4236 555 4306 Σηιανὸν
575 4235 788 4311 θεραπεύσντες.’
