3266 4902
838 209 880 272 22

362 420 504 503 Denique
539 419 624 503 quod
653 442 680 486 v.
712 423 872 486 26.-30.
907 419 946 484 de
981 420 1056 485 viris
1090 421 1182 486 bonis
1217 420 1348 498 dicitur,
1382 418 1468 504 apud

258 525 405 591 Plautum
428 547 537 592 revera
559 525 678 591 facturn
701 535 748 592 est
759 531 778 589 ¹.

363 633 454 709 Quod
479 631 592 698 Weber
622 632 700 698 dicit
710 636 730 708 ²,
760 631 838 697 haec
860 633 1018 698 Iuvenalis
1050 633 1222 716 opprobria
1244 632 1404 717 pertinere
1425 633 1467 696 ad

256 738 362 803 Plauti
385 738 641 825 adulescentiam,
664 738 746 804 nihil
770 739 861 804 valet.
901 739 981 804 Nam
1005 740 1032 803 si
1056 760 1095 803 ex
1116 739 1318 804 adulescente
1333 738 1469 822 superbo

258 851 290 909 et
310 841 422 910 inflato
446 845 494 908 vir
516 844 617 910 factus
641 851 688 909 est
711 845 836 934 sapiens
860 850 892 910 et
914 866 1051 928 aequus,
1078 845 1129 910 hic
1151 851 1223 929 post
1245 851 1376 909 mortem
1399 845 1469 909 lau-

258 950 390 1026 dandus
414 972 477 1015 non
500 950 727 1034 vituperandus
748 958 804 1016 est.
843 951 947 1033 Ipsius
962 957 1074 1033 poetae
1089 951 1202 1027 verbis,
1226 971 1306 1033 quae
1322 951 1470 1032 leguntur

257 1078 285 1121 v.
312 1059 383 1123 163.
407 1059 480 1140 sq.³‚
515 1056 639 1121 Weberi
677 1056 835 1122 sententia
868 1055 1035 1121 refutatur.
1087 1058 1186 1122 Porro
1216 1057 1348 1121 Plautus
1377 1078 1470 1140 prae-

256 1170 383 1226 matura
409 1167 511 1228 morte
540 1161 629 1227 obiit
684 1163 778 1227 Pater
810 1161 893 1225 enirn
923 1162 1036 1226 Iuliam
1072 1161 1164 1228 duxit
1190 1183 1274 1226 anno
1305 1166 1372 1238 33,
1403 1161 1471 1246 ipse

257 1269 353 1351 periit
375 1270 427 1333 62.
473 1268 596 1333 Morum
625 1267 723 1349 igitur
751 1267 953 1333 commutatio
977 1289 1072 1350 quarn
1095 1266 1253 1350 significat
1269 1267 1391 1345 Weber,
1413 1267 1471 1333 ad-

258 1373 386 1438 modum
409 1373 514 1438 subito
537 1372 708 1438 incidisset.

366 1479 415 1544 td
438 1478 497 1544 has
520 1500 631 1544 causas
655 1479 745 1562 quasi
769 1480 912 1544 cumulus
935 1479 1074 1557 additur,
1097 1479 1181 1563 qnod
1205 1486 1237 1544 et
1258 1479 1292 1543 in
1308 1479 1471 1546 codicibus

258 1593 290 1650 et
312 1585 396 1669 apud
429 1585 631 1650 scholiastam
661 1585 795 1667 legimus
819 1572 971 1680 Blande,
1002 1607 1065 1649 non
1089 1572 1231 1683 ‘Plautel
1278 1587 1388 1668 ltaque
1411 1585 1471 1648 viri

258 1691 342 1756 docti
359 1690 606 1766 malefecerunt,
623 1690 707 1774 quod
722 1698 886 1774 tamquam
903 1691 933 1754 vi
949 1692 1091 1757 luvenali
1107 1691 1343 1774 imputaverunt
1354 1691 1471 1756 malum

259 1797 298 1862 de
321 1797 448 1862 homine
470 1797 569 1880 probo
592 1796 753 1861 iudicium.

365 1902 514 1966 Weidner
542 1923 608 1966 rern
637 1902 731 1967 aliter
761 1901 909 1984 expedire
938 1901 1065 1968 studuit.
1116 1902 1221 1984 Atque
1250 1920 1372 1966 summa
1402 1924 1472 1967 cum

259 2007 376 2072 fiducia
406 2028 580 2072 sermonem
609 2028 675 2074 esse
704 2008 752 2072 ait
782 2007 821 2072 de
851 2007 974 2072 Blando
1003 2005 1160 2090 quodam,
1198 2006 1335 2070 Rubellii
1366 2009 1473 2072 Plauti

260 2113 352 2177 filio⁴.
399 2112 460 2178 Sed
490 2133 597 2178 verum
627 2134 691 2176 non
721 2113 809 2178 vidit.
856 2113 995 2176 Primum
1019 2113 1118 2188 enirn,
1142 2112 1169 2176 si
1193 2113 1259 2176 eius
1282 2113 1473 2196 interpreta-

260 2219 377 2284 tionem
407 2218 578 2302 sequimur,
608 2219 689 2283 illud
718 2224 765 2316 tut
793 2225 824 2282 te
854 2219 1048 2302 conciperet,
1079 2239 1160 2300 quae
1189 2217 1342 2298 sanguine
1372 2215 1473 2297 fulget

260 2312 343 2400 Iuli',
375 2323 489 2406 quibus
512 2324 616 2388 verbis
639 2324 753 2387 Iuliam
776 2323 936 2406 designari
959 2323 1157 2387 manifestum
1181 2328 1243 2397 est,
1272 2321 1409 2404 pertinet
1430 2321 1472 2384 ad

260 2431 364 2494 aviam
388 2430 518 2507 Blandi,
547 2451 611 2494 non
634 2429 675 2494 ad
698 2432 855 2496 matrem⁵.
902 2427 989 2504 Quae
1012 2427 1181 2510 explicatio
1205 2419 1299 2493 nimis
1322 2426 1473 2492 arcessita

369 2665 378 2694 ¹
396 2661 454 2715 Iuv.
473 2677 495 2712 v.
514 2661 556 2715 26.
575 2676 612 2728 sq.
668 2659 762 2735 §alra
781 2658 925 2727 Gaetulice,
944 2677 990 2713 seu
1008 2663 1038 2715 tn

473 2748 590 2801 Silanus:
610 2764 761 2817 quocunqne
779 2747 832 2802 alio
850 2744 881 2801 de
899 2749 1027 2815 sanguine
1045 2765 1120 2802 rarus

474 2835 545 2888 Civis
563 2840 590 2889 et
607 2836 728 2904 egregius
747 2836 847 2902 patriae
865 2837 994 2904 contingis
1013 2837 1109 2902 ovanti,

474 2923 627 2976 Exclamare
645 2923 717 2989 libet,
736 2922 847 2990 populus
866 2923 934 2990 quod
953 2923 1050 2976 clamat
1068 2923 1137 2976 Osiri

471 3005 597 3062 Invento'
618 3040 651 3048 —
670 3010 729 3063 Tac.
748 3010 766 3062 l.
785 3026 806 3063 c.
825 3011 870 3086 ‘nt
888 3010 1002 3063 omniurn
1022 3026 1065 3063 ore
1083 3010 1195 3062 Plautus
1214 3009 1359 3063 celebratur
1377 3051 1383 3064 .
1404 3052 1409 3062 .
1429 3002 1445 3063 .'

366 3097 466 3173 QDas,
485 3114 538 3151 was
557 3098 610 3150 ihm
626 3097 734 3151 Iuvenal
752 3097 811 3152 hier
829 3115 876 3152 zur
888 3099 954 3151 Last
971 3099 1034 3166 legt,
1059 3115 1131 3150 muas
1149 3099 1204 3151 also
1221 3098 1249 3151 in
1267 3098 1357 3150 dassen
1371 3099 1416 3167 (sc.
1429 3098 1475 3151 des

261 3185 383 3251 Plautus)
402 3187 477 3238 nune
495 3186 512 3239 J
515 3184 599 3253 ugend
619 3186 741 3254 generor,
760 3185 820 3239 oder
838 3186 886 3238 aus
902 3185 1086 3254 varnachtigen
1105 3186 1212 3252 Quellen
1233 3179 1364 3239 bernhen.'

367 3277 378 3307 ³
401 3273 534 3349 ¹Defensor
552 3274 643 3342 culpae
662 3273 731 3326 dicet
750 3274 828 3326 mihi:
848 3275 977 3350 ‘Fecimus
995 3277 1021 3327 et
1039 3291 1085 3327 nos

402 3363 474 3414 Haeo
491 3355 613 3416 iuvenea'
651 3361 723 3429 Esto,
743 3361 834 3414 desisti
853 3378 943 3428 nempe
961 3377 1008 3416 nec
1026 3362 1097 3414 ultra

403 3450 503 3503 Fovisti
523 3465 640 3503 errorem.
678 3449 760 3501 Breve
779 3449 822 3515 sit,
841 3448 909 3516 quod
929 3449 1040 3517 turpiter
1059 3448 1152 3515 andes,

402 3537 533 3603 Quaedam
554 3554 610 3590 cum
631 3537 715 3604 prima
734 3539 882 3590 resecentur
899 3537 1009 3590 crimina
1027 3536 1114 3590 barba.

403 3625 515 3692 Indulge
534 3625 635 3677 veniarn
655 3616 759 3692 pueris'

369 3718 380 3748 ⁴
399 3713 468 3767 Dicit
486 3713 553 3766 enirn
572 3712 649 3766 adh.
669 3713 686 3766 l.
705 3713 773 3788 ‘Scin
794 3713 838 3781 (sc.
857 3712 903 3765 des
921 3712 1044 3776 Plautus)
1069 3712 1147 3781 Sohn,
1167 3711 1215 3765 den
1234 3713 1289 3766 hier
1307 3713 1413 3766 Iuvenal
1433 3731 1474 3766 cr-

263 3803 364 3870 w'a'hnt‚
389 3802 472 3869 hiess,
498 3801 545 3854 wie
568 3800 613 3854 der
637 3800 805 3867 Grossvater,
830 3801 968 3854 Rubellius
993 3800 1117 3854 Blandus.
1163 3801 1252 3854 Denn
1278 3801 1338 3854 dass
1363 3802 1476 3855 Plautus

264 3889 361 3944 Kinder
383 3890 472 3956 hatte,
498 3889 609 3957 bezeugt
632 3889 739 3942 Tacitus
763 3888 836 3942 XIV.
855 3891 896 3942 59.
921 3905 1016 3964 ‘errrore
1044 3889 1160 3958 coniugis
1193 3892 1219 3942 ot
1246 3883 1402 3943 liberorum’
1444 3891 1475 3942 In

263 3977 375 4033 editione
393 3977 476 4030 altera
494 3977 589 4029 rectius
607 3976 796 4043 interpretatur
815 3976 847 4029 de
865 3977 946 4029 fratre
964 3975 1054 4030 Plauti
1073 3977 1197 4045 cogitare,
1221 3975 1264 4029 sed
1283 3977 1366 4030 filiurn
1386 3977 1476 4031 Plauti

263 4066 405 4133 significari
423 4065 527 4118 omnino
545 4081 594 4116 non
615 4080 688 4130 posse
706 4081 738 4116 ne
755 4081 823 4117 nune
841 4063 945 4132 quidem
964 4064 1099 4117 intellexit.

368 4153 452 4207 vcfr.
471 4153 505 4206 ib.
533 4151 575 4228 (So
602 4152 652 4204 viel
675 4152 712 4204 ist
729 4152 826 4220 sicher,
852 4151 914 4206 dass
938 4152 1062 4220 Iuvenal,
1086 4153 1135 4206 mit
1154 4152 1201 4205 den
1221 4152 1386 4207 Personalien
1403 4153 1477 4221 jener

265 4243 322 4296 Zeit
339 4242 401 4296 sehr
418 4245 468 4310 gut
486 4242 616 4309 vertraut,
638 4239 710 4293 einen
730 4241 847 4293 Irrthum
866 4240 939 4294 nicht
957 4241 1091 4308 begangen
1110 4240 1171 4309 hat,
1196 4241 1263 4294 denn
1282 4242 1318 4295 im
1338 4241 1476 4310 uneigent·
