3266 4902
754 259 794 325 31

169 473 343 540 utebatur.1
381 472 478 540 Cuius
501 473 659 552 maritum,
683 473 826 539 Flavium
843 472 1004 552 Sabinum,
1027 491 1123 539 eausa
1143 491 1217 537 usus
1233 468 1382 537 ridiculo-

169 582 293 646 sissima
316 603 333 647 e
356 581 458 646 medio
481 567 637 647 sustulit.²
682 580 827 647 Ceterum
849 586 915 645 tam
930 581 1095 664 propalam
1112 580 1267 662 agebatur
1289 577 1381 643 adul-

169 688 297 764 terium,
327 694 362 753 ut
392 687 511 770 Ephesi
540 708 630 752 sacra
659 687 815 770 nuptialia
845 685 1102 753 celebrarentur.3
1155 683 1190 749 In
1221 684 1281 749 hac
1312 706 1381 749 cum

169 794 251 858 lulia
284 792 510 859 consuetudine
538 793 747 876 permansisse
783 793 982 858 continenter
1012 791 1213 857 Domitianus
1248 789 1381 855 videtur.

170 897 260 976 Quod
284 919 346 963 non
377 899 478 963 solum
502 899 612 964 Dionis
644 899 698 964 illo
723 886 797 996 (κάκ
818 885 968 975 roa'aon',⁴
992 897 1047 962 sed
1074 897 1169 962 etiam
1192 896 1265 960 aliis
1288 897 1381 961 rebus

168 1005 401 1088 comprobatur.
453 1003 534 1068 Nam
564 1025 648 1069 anno
686 1007 736 1069 84.
774 1025 844 1069 eum
881 1005 1053 1087 imperator
1084 1025 1121 1068 ex
1152 1001 1235 1068 bello
1271 1006 1382 1067 contra

170 1109 301 1175 Chattos
330 1117 427 1192 gesto,
457 1131 536 1192 quos
564 1131 603 1174 ne
634 1109 714 1175 vidit
744 1109 881 1192 quidem,
912 1109 1057 1176 rediisset
1085 1128 1262 1191 vanumque
1291 1107 1381 1172 illum

169 1215 364 1298 triumphum
397 1216 535 1298 egisset,5
564 1216 598 1280 in
628 1236 691 1299 qno
720 1216 801 1280 servi
828 1214 942 1280 habitu
973 1215 1159 1281 Chattorum
1190 1212 1295 1278 vestiti
1323 1234 1382 1296 pro

169 1321 301 1404 captivis
332 1328 437 1398 erant,
466 1322 548 1386 inter
579 1321 718 1386 omnium
752 1320 968 1388 adulationem
998 1343 1080 1386 unus
1111 1319 1239 1384 Flavius
1270 1317 1381 1395 Ursus,

168 1427 302 1491 libertus
325 1426 463 1509 quidam,
487 1448 595 1492 verum
618 1427 721 1491 dicere
743 1423 839 1492 ausus
861 1433 918 1492 est.
965 1426 1025 1503 Qui
1049 1426 1146 1490 vitam
1169 1429 1299 1509 propter
1322 1425 1382 1489 hoc

169 1531 290 1597 facinus
313 1532 449 1615 capitale
478 1532 683 1598 amittendam
706 1532 851 1615 precibus
881 1532 992 1598 debuit
1015 1531 1139 1596 Iuliae.⁶
1184 1530 1250 1595 Iam
1281 1552 1382 1614 quan-

168 1643 276 1721 topere
292 1637 490 1703 Domitianus
513 1636 660 1702 feminam
683 1637 771 1702 illam
795 1638 949 1702 amaverit
964 1637 1076 1714 vivam,
1099 1658 1138 1701 ex
1160 1635 1225 1700 illis
1240 1635 1382 1700 luculen-

169 1742 290 1808 tissime
311 1749 454 1826 apparet
477 1742 592 1825 quibus
616 1742 776 1808 decoravit
791 1750 956 1807 mortuam.
1002 1741 1166 1807 Monetas⁷
1182 1741 1215 1804 iu
1230 1742 1381 1806 honorem

169 1849 236 1914 eius
264 1847 422 1914 cudendae
450 1849 573 1913 curavit
595 1847 654 1914 hoc
677 1848 789 1913 titulo:
817 1849 927 1912 Druna
949 1847 1069 1911 Ivumn
1092 1847 1175 1910 Auo.
1200 1846 1280 1909 Drvr
1307 1845 1382 1909 Trrr

169 1954 203 2017 F.
221 1953 251 2018 S.
268 1953 302 2016 P.
321 1952 356 2030 Q.
372 1953 408 2016 R.
433 1954 505 2018 lur.
527 1953 623 2019 Ceus.
641 1954 765 2019 Donssr.
787 1955 869 2018 Ave.
885 1952 994 2018 Grau.
1013 1952 1084 2018 Cos.
1101 1950 1171 2017 XV.
1191 1951 1285 2017 unns.
1301 1952 1381 2016 Pan.

169 2059 202 2122 P.
213 2059 261 2135 P.;
273 2063 395 2123 statuas
408 2058 474 2123 eius
483 2079 673 2124 marmoreas
681 2059 814 2125 Veneris
822 2057 923 2123 forma
932 2058 973 2123 ab
986 2056 1161 2124 artificibus
1173 2054 1251 2139 fingi
1264 2057 1382 2134 iussit,⁸

278 2238 288 2267 ¹
306 2233 359 2289 Cir.
373 2234 405 2288 D.
418 2233 492 2288 Casa.
505 2235 547 2292 67.
565 2234 589 2289 3.
609 2232 668 2309 tuela
685 2231 782 2286 τούτου
799 2233 834 2306 τῇ
852 2227 983 2305 ἅδελφιδῇ
1000 2232 1034 2305 τῇ
1054 2230 1117 2298 ἰδίᾳ,
1136 2226 1219 2304 ἤγουν
1230 2231 1265 2305 τῇ
1283 2225 1381 2297 Ἰουλίᾳ,

170 2314 459 2392 ἅπαρακαλυπτὸτερον
482 2315 517 2377 cde
533 2321 637 2395 γαμετῇ
663 2318 781 2388 συνῴκει.
809 2321 867 2372 εἶτα
892 2319 1039 2387 δεηθέντος
1060 2321 1109 2373 τοῦ
1127 2317 1213 2388 δήμου
1231 2316 1382 2392 κατηλλάγη

169 2413 220 2477 μὲν
246 2408 280 2480 τῆ
307 2413 435 2477 Δομιτίᾳ,
461 2395 748 2480 ἐχρῆτοἮόὗδὲν
770 2395 877 2476 ἧττον
899 2407 938 2481 τῇ
957 2401 1091 2474 'Ioulia'
1128 2409 1182 2463 Ch.
1207 2409 1285 2463 etiarn
1311 2408 1382 2462 Suet.

170 2497 216 2551 vit.
236 2498 312 2550 Dom.
331 2500 356 2551 3.

277 2605 288 2636 2
306 2601 360 2656 Clr.
379 2601 450 2655 Suet.
469 2602 515 2654 rit.
535 2602 610 2656 Dom.
631 2602 671 2658 10.
705 2645 720 2678 ι.
735 2645 741 2657 .
755 2645 761 2657 .
777 2602 896 2656 Flavium
916 2601 1050 2671 Sabinum,
1065 2603 1177 2656 alterum
1195 2601 1383 2670 epatruelibua

172 2691 217 2758 (sc.
236 2688 347 2757 occidit),
366 2688 433 2757 quod
453 2706 512 2742 eum
531 2690 695 2744 comitiorum
714 2691 888 2745 consularium
903 2690 945 2744 die
963 2692 1122 2745 destinatum
1141 2707 1273 2760 perperam
1293 2706 1384 2758 praeco

171 2793 222 2829 non
240 2776 379 2844 consulem,
398 2777 442 2830 sed
461 2777 650 2847 imperatorem,
669 2772 880 2846 pronuntiasset'

277 2881 360 2938 ³Ofr.
378 2882 512 2951 Isthmius,
531 2900 591 2951 pag.
612 2885 670 2940 129.

223 3023 232 3040 .
276 2991 288 3022 ⁴
306 2987 360 3044 Csr.
379 2990 412 3043 D.
432 2988 505 3044 Cass.
524 2992 566 3045 67.
585 2992 610 3045 8.

277 3093 439 3148 1'’CirTae.
459 3092 545 3148 Germ.
565 3095 616 3162 37..
636 3096 699 3162 Agr.
719 3097 769 3164 39.¹
790 3095 820 3150 D.
840 3095 912 3149 Cass.
932 3097 974 3151 67.
993 3098 1018 3150 4.

277 3202 287 3233 ⁶
306 3198 361 3253 Cfr.
379 3198 513 3267 Innocua,
531 3215 592 3266 pag.
612 3202 653 3254 50.

278 3304 360 3360 7Ch.
380 3305 498 3358 Eckhalii
516 3304 650 3381 (Doctrina
667 3321 831 3358 nummorum
851 3298 976 3359 veterum‘
995 3304 1067 3361 Tem.
1086 3305 1132 3360 VI.
1152 3322 1212 3374 pag.
1231 3307 1290 3361 366.

340 3430 360 3466 r.

276 3412 327 3464 ⁸0
379 3411 456 3466 Mart.
476 3412 558 3479 epigr.
576 3411 623 3466 Vl.
644 3412 685 3466 13.

400 3499 472 3575 ‘Quis
491 3503 517 3552 te
536 3498 661 3553 Phidiaco
680 3499 827 3566 formatam,
845 3499 922 3567 Iulia,
940 3499 1019 3566 caelo,

452 3588 500 3640 Vel
518 3589 577 3656 quis
595 3586 731 3641 Palladiae
749 3603 799 3640 non
819 3590 894 3654 putet
912 3587 977 3640 artis
995 3587 1079 3655 opus?

398 3674 518 3728 Candida
535 3691 585 3728 non
604 3675 686 3728 tacita
704 3674 842 3743 respondet
860 3674 973 3742 imagine
991 3674 1084 3743 lygdos

453 3764 487 3815 llt
505 3761 606 3830 placido
626 3762 712 3830 fulget
729 3762 805 3814 vivus
823 3763 849 3816 in
868 3779 911 3815 ore
929 3763 1022 3830 liquor.

399 3849 480 3903 Ludit
499 3849 623 3917 Acidalio,
641 3849 687 3902 sed
706 3867 756 3903 non
774 3866 868 3903 manus
886 3866 985 3918 aspera,
1004 3849 1078 3905 nodo

452 3937 532 4002 Quem
553 3937 641 4004 rapuit
659 3937 733 4006 collo,
752 3954 830 4006 parve
849 3936 958 4007 Cupido,
976 3939 1030 3992 tuo,

399 4025 437 4079 Ut
454 4025 548 4078 Martis
567 4027 700 4078 revocetur
718 4042 790 4079 arnor
809 4027 955 4094 summique
973 4025 1106 4080 Tonantis.

453 4113 474 4165 A
494 4115 520 4166 te
537 4112 602 4165 Iuno
621 4115 694 4181 petat
711 4116 797 4166 ceston
817 4117 844 4168 et
861 4115 919 4183 ipsa
936 4107 1043 4168 Venua’

277 4199 469 4255 Hirschfeldins
487 4200 637 4269 (Gottinger
655 4201 771 4269 gelehrte
783 4202 923 4276 Anaeigen
938 4203 1014 4271 1869,
1033 4219 1093 4270 pag.
1113 4202 1192 4272 1506)
1212 4203 1286 4257 valde
1304 4206 1381 4272 errat,

172 4289 240 4359 quod
265 4289 314 4343 hoc
338 4307 440 4344 carmen
466 4289 499 4344 ad
522 4289 608 4342 vivam
626 4288 721 4342 luliam
746 4290 874 4358 pertinere
899 4292 984 4358 putat.
1021 4290 1089 4344 Nam
1115 4291 1381 4361 praeterquamquod
