3266 4902
813 190 855 252 28

730 279 940 288 ——.-

230 394 451 480 Quadruplum
474 397 556 462 enim
580 397 656 475 eius,
680 398 765 483 quod
780 404 963 482 rapuerant,
985 399 1188 465 venatoribus
1210 400 1442 482 provinciarum

229 508 298 565 erat
328 503 567 587 restituendum.
626 506 738 588 ltaque
772 505 892 569 Marius
926 504 1088 570 Weidneri
1128 506 1284 570 sententia
1320 506 1445 571 circiter

228 610 345 672 40000
376 631 553 673 marcarum
590 617 716 674 nostrae
750 611 900 693 pecuniae
935 634 972 676 ex
1005 611 1110 676 Africa
1140 612 1303 695 provincia
1332 612 1442 696 coegit.

229 712 291 778 Sed
314 713 373 778 hoc
396 721 478 780 certe
500 715 610 780 fuisset
642 716 839 799 proconsulis
869 717 1039 781 admodum
1069 717 1157 782 lonis,
1203 718 1306 781 Paene
1334 739 1441 782 verum

228 818 462 897 11111111111111,1
479 821 533 885 sed
550 822 736 886 sententiam
753 829 879 886 senatus
900 831 931 886 et
947 823 1134 887 sententiam
1151 823 1279 905 Pompei
1297 822 1443 905 Collegae

229 928 345 990 miscet.
393 926 484 1002 Quod
507 927 590 992 idem
614 927 805 993 Sieboldus²
850 927 930 992 Nam
947 929 1051 1004 verba,
1076 949 1157 1011 quae
1173 927 1273 1004 affert,
1297 936 1442 1012 spectant

229 1031 271 1094 ad
293 1033 480 1097 sententiam
505 1032 659 1114 Collegae,
683 1055 744 1097 non
769 1033 809 1097 ad
834 1041 961 1098 senatus
984 1034 1171 1098 consultum.
1214 1034 1341 1118 Mayor3
1364 1057 1443 1117 quo-

229 1158 291 1218 que
315 1137 450 1202 Marium
474 1145 599 1221 praeter
622 1139 679 1202 illa
702 1140 902 1222 septingenta
917 1139 1020 1203 millia
1037 1139 1116 1202 nihil
1134 1141 1284 1222 pecuniae
1301 1140 1444 1204 amisisse

229 1248 287 1325 put
308 1248 329 1307 t.

335 1348 493 1414 Iuvenalis
516 1349 624 1429 igitur,
654 1349 712 1414 etsi
736 1350 854 1415 iustum
878 1350 1044 1414 discrimen
1076 1372 1138 1415 nou
1162 1350 1247 1427 facit,
1277 1357 1445 1434 utrumque

230 1452 324 1518 llarii
348 1453 506 1536 significat
528 1456 637 1519 scelus.
686 1455 796 1520 Miscet
824 1457 906 1519 enim
930 1456 1135 1554 tprovinciam
1162 1443 1349 1539 plorantem'
1373 1478 1442 1521 cum

228 1581 330 1642 poena
352 1561 563 1642 relegationis,
593 1582 674 1643 qnae
703 1583 752 1626 res
781 1561 864 1625 inter
895 1583 928 1625 se
954 1583 1018 1625 non
1048 1562 1225 1627 cohaerent.
1279 1562 1339 1627 Sed
1369 1562 1444 1637 illis,

231 1665 345 1748 quibus
369 1674 509 1730 saturam
533 1667 667 1751 scripsit,
698 1667 893 1750 temporibus
917 1689 965 1731 res
989 1668 1022 1731 in
1046 1668 1186 1732 omnium
1210 1669 1323 1732 animis
1347 1668 1444 1733 fuerit

229 1793 355 1836 necesse
377 1781 433 1836 est.
479 1773 591 1854 Itaque
614 1773 755 1837 quenali
789 1795 852 1836 non
884 1772 1036 1838 obiectari
1059 1779 1173 1856 potest,
1204 1773 1289 1856 quod
1311 1774 1442 1856 paulum

229 1876 361 1942 obscure
385 1877 533 1960 loquitur.
580 1879 684 1960 Atque
707 1878 802 1943 verba
826 1878 892 1942 eius
916 1879 993 1960 quid
1018 1879 1079 1943 sibi
1102 1879 1209 1955 velint,
1234 1881 1296 1942 iam
1319 1879 1443 1943 intelle-

231 1983 349 2064 gimus:
382 1971 491 2080 (inani
516 1983 600 2066 quod
622 2005 725 2067 poena
747 2005 810 2048 non
834 1983 1013 2067 adaequata
1036 1991 1105 2049 erat
1128 1983 1307 2060 sceleribus,
1338 1985 1443 2081 tsalvis

230 2075 376 2152 nummis'
402 2089 486 2171 quod
509 2090 666 2171 relegatus
689 2095 737 2154 est
760 2088 850 2154 bonis
875 2111 938 2154 non
961 2089 1124 2172 ademptis.
1164 2089 1251 2165 Quae
1274 2089 1443 2172 explicatio

230 2193 464 2276 simplicissima
487 2202 534 2259 est
558 2202 589 2260 et
611 2217 660 2260 res
684 2196 812 2260 omnino
836 2218 919 2260 vera.
959 2194 1105 2262 Ceterum
1128 2195 1442 2278 praetermittendum

230 2321 294 2362 non
318 2306 365 2364 est
388 2299 506 2364 iudices
529 2302 715 2383 plerumque
738 2301 815 2365 satis
839 2302 946 2365 mitem
969 2301 1219 2365 aestimationem
1243 2300 1352 2366 fecisse
1370 2322 1443 2384 pro·

230 2404 349 2469 vincias
365 2406 486 2470 scilicet
501 2407 528 2470 si
544 2407 647 2470 minus
663 2406 779 2482 vexari,
803 2413 908 2470 tamen
924 2407 1032 2488 aliquo
1049 2407 1141 2471 modo
1157 2406 1289 2488 spoliari
1305 2427 1441 2488 aequom

230 2532 297 2576 esse
319 2517 414 2576 ratos.
462 2512 592 2576 Accedit
614 2513 699 2595 quod
722 2512 858 2576 Marium
882 2534 943 2576 non
974 2519 1042 2576 tota
1065 2512 1236 2595 provincia,
1268 2511 1322 2576 scd
1351 2511 1443 2575 multi

230 2617 347 2700 privati
371 2617 943 2700 111111111141111111111111
974 2639 1088 2681 munus
1117 2617 1286 2681 admodum
1317 2615 1444 2679 difficile

231 2728 308 2787 erat.
361 2723 445 2788 Satis
473 2724 574 2788 multa
604 2724 746 2806 exempla
776 2730 918 2798 exstant,
957 2724 1070 2806 quibus
1101 2723 1248 2786 docemur
1279 2727 1442 2786 vexatores

230 2828 474 2910 provinciarum,
498 2830 555 2894 etsi
580 2829 794 2911 quadruplum
809 2829 967 2892 aestimati
984 2826 1151 2902 solverant,
1175 2834 1280 2891 tamen
1301 2827 1443 2908 ingentes

231 2957 270 3000 ex
293 2940 387 3017 raptu
410 2934 537 2998 divitias
560 2934 736 2998 retinuisse.
783 2933 884 2997 Notus
915 2939 962 2996 est
984 2932 1123 3007 Licinus,
1151 2939 1280 2996 vexator
1309 2931 1442 2997 Galliae.

335 3059 447 3139 ltaque
470 3079 516 3133 ea,
540 3079 620 3140 quae
639 3057 797 3120 luvenalis
822 3062 941 3132 narrat,
964 3063 1047 3120 recte
1070 3077 1103 3119 se
1126 3054 1260 3120 habent:
1291 3055 1443 3119 iudicium

232 3164 325 3227 nimis
347 3163 417 3228 lene
440 3169 524 3239 erat3
550 3163 669 3226 Marius
693 3161 784 3226 bonis
808 3183 871 3226 non
895 3161 1049 3245 ademptis
1072 3161 1105 3225 in
1130 3162 1224 3225 exilio
1238 3161 1355 3224 divitiis
1378 3159 1442 3224 11111

339 3372 478 3448 1(Ρ11111111
497 3376 558 3441 sagi
576 3373 767 3438 ausdr'dclrliclr,
793 3372 833 3425 bei
853 3371 898 3424 der
917 3371 1002 3424 Strafe
1025 3372 1070 3424 der
1090 3373 1253 3440 llrprossung
1274 3388 1351 3424 —cr
1371 3371 1444 3424 batte

232 3461 278 3514 das
298 3461 433 3514 Vierl'achc
452 3461 496 3513 des
515 3461 717 3529 abgeschatzren
736 3459 867 3513 Sclradons
892 3476 924 3511 an
944 3459 984 3510 die
1003 3458 1182 3512 Provincialen
1202 3459 1337 3526 1111111-
1358 3459 1398 3512 die
1417 3475 1444 3512 er

232 3549 310 3602 sclron
329 3548 475 3616 erstanden,
495 3547 560 3601 lrabe
579 3565 605 3600 cs
624 3548 677 3600 sein
699 3547 838 3600 Bewenden
860 3540 998 3600 beholten.'

339 3659 349 3688 ‘2
368 3655 504 3721 Leguntur
522 3652 591 3721 apud
610 3670 668 3706 enm
687 3653 762 3706 haec:
794 3652 946 3728 ι0111111111
966 3651 1053 3703 dentct
1070 3651 1137 3704 auelr
1156 3650 1258 3704 Plinius
1277 3651 1372 3704 darauf
1388 3652 1442 3720 hin,

233 3743 293 3796 dass
312 3742 353 3795 die
372 3743 429 3809 Art,
449 3743 495 3794 wie
514 3741 613 3794 Marius
632 3741 744 3795 bestraft
761 3740 858 3808 warde,
877 3741 927 3792 mit
945 3740 1030 3792 seinen
1050 3739 1442 3806 begangenenUnmenschliclr·

232 3833 317 3885 keiten
345 3832 370 3883 in
400 3831 498 3883 keinem
527 3830 707 3883 vernounisse
735 3829 819 3882 siche:
847 3845 874 3881 11
898 3833 979 3881 neunt
1003 3826 1049 3880 das
1071 3827 1174 3895 Votum,
1200 3827 1307 3880 welches
1326 3827 1380 3880 ibm
1402 3827 1443 3880 dio

233 3920 318 3974 Strato
337 3919 466 3987 diktierte,
485 3920 540 3972 eine
559 3919 696 3994 ,sententia
714 3916 823 3970 solutior
841 3920 868 3968 et
886 3909 1013 3972 mollior'.‘

340 4029 350 4059 ³
369 4025 440 4078 Dicit
457 4025 537 4077 enim:
557 4024 640 4100 ‘After
652 4041 668 4076 a
680 4025 696 4076 3
709 4023 781 4090 days'
795 4023 857 4075 trial
869 4023 890 4074 it
905 4039 957 4074 was
970 4019 1083 4087 docreed,
1097 4020 1156 4072 that
1168 4019 1213 4072 the
1227 4022 1277 4075 700
1285 4025 1336 4076 000
1349 4020 1443 4074 should

233 4115 264 4168 be
282 4113 343 4181 paid
362 4114 418 4166 into
437 4113 481 4165 1111
500 4111 894 4180 treasu1·y,andtbatMarius
913 4109 1007 4162 slrould
1026 4108 1056 4161 be
1076 4102 1390 4178 banishcds1·ornItal5.'

339 4217 421 4271 ⁴crr.
442 4217 510 4272 1111.
530 4234 568 4286 ep.
587 4218 635 4271 111.
656 4220 678 4272 1.
699 4218 724 4271 1.
