3266 4902
746 229 787 290 37

152 437 215 502 bus
239 438 358 502 tradita
382 438 432 512 sit,
465 437 606 502 dubitari
630 458 692 501 non
717 438 799 513 licet,
822 442 937 513 tamen,
961 443 1114 519 quatenus
1138 439 1294 503 luvenalis
1319 462 1371 505 re·

153 546 284 610 ritatem
307 551 467 627 sequatur,
490 545 661 626 explanare
684 565 798 626 operae
821 543 957 626 pretium
981 543 1103 608 videtur
1126 565 1200 608 esse.

262 651 366 732 Atque
389 650 532 714 Taciturn
563 650 590 713 si
620 650 794 730 sequimur,
825 670 875 712 res
905 649 950 712 ita
982 669 1014 712 se
1042 649 1147 714 habet.
1194 651 1286 715 ,tnnc
1317 655 1369 714 47.

151 754 327 820 Messalina
350 755 468 820 exarsit
490 755 524 818 in
548 753 580 818 C.
606 755 727 830 Silium,
751 775 844 836 quern
867 775 938 818 cum
961 754 1044 818 lulia
1067 755 1175 820 Silana
1201 777 1298 821 uxore
1321 757 1370 819 di·

154 861 291 924 vortium
326 859 428 925 iacere
461 861 576 924 iussit¹
635 859 703 936 Quo
737 859 821 924 facto
856 865 1025 942 postquam
1058 859 1171 937 Silius,
1206 883 1244 925 ne
1272 862 1370 926 vitam

148 966 317 1032 amitteret
340 1004 380 1012 —
404 965 491 1030 haud
514 966 608 1049 pauci
639 967 721 1029 euim
744 986 882 1030 amorem
909 971 1075 1030 renuentes
1098 965 1255 1032 interfecti
1279 977 1370 1032 erant

153 1109 198 1120 -
221 1072 412 1136 adulterium
444 1072 477 1135 in
508 1092 541 1134 se
571 1071 725 1148 admisit,²
753 1073 840 1136 nullo
872 1070 1018 1136 obstante
1048 1072 1169 1155 pudore
1200 1072 1370 1136 Messalina

155 1199 341 1261 remquam
364 1177 500 1241 maxime
529 1177 635 1259 palam
658 1177 906 1260 frequentatae.
952 1176 1068 1241 Tamen
1099 1176 1252 1242 Claudius
1281 1178 1370 1260 prin-

150 1305 239 1366 ceps,
272 1291 308 1347 ut
342 1289 411 1346 erat
443 1282 549 1347 animo
584 1282 702 1358 hebeti,
734 1283 815 1346 nihil
846 1283 956 1346 horum
986 1284 1092 1347 sensit.
1138 1283 1235 1348 Silius
1263 1288 1369 1347 autem

155 1388 274 1454 veritus
298 1388 450 1463 videlicet,
474 1409 512 1452 ne
534 1385 693 1470 patefacta
716 1408 750 1452 re
773 1388 1004 1471 opprimeretur
1026 1411 1046 1452 a
1069 1387 1212 1464 Claudia
1242 1388 1306 1452 iarn
1330 1389 1369 1454 de

151 1493 290 1558 Claudio
323 1492 528 1576 opprimendo
559 1492 728 1574 cogitabat.
773 1495 885 1576 ltaque
915 1494 1043 1577 nuptias
1074 1495 1180 1577 palam
1211 1494 1370 1560 celebrare

155 1606 189 1664 et
210 1599 432 1682 imperatorem
455 1599 639 1681 praevenire
663 1599 852 1664 Messalinae
875 1601 1066 1682 proposuite.
1105 1599 1192 1676 Quae
1208 1600 1369 1683 paulisper

151 1709 305 1769 cunctata
328 1725 456 1770 assensa
479 1711 534 1769 est.
580 1704 727 1786 Principe
749 1705 848 1786 igitur
865 1704 972 1769 Ostiae
993 1704 1122 1770 absente
1138 1705 1267 1786 nuptiae
1290 1706 1370 1769 cele·

155 1809 344 1874 brabantur.
391 1809 481 1886 Quod
505 1811 587 1874 enim
611 1809 783 1874 scholiasta
812 1818 927 1874 temere
950 1831 988 1873 ex
1012 1809 1160 1874 Suetonio
1193 1810 1368 1892 exscripsit,

151 1915 212 1998 qui
242 1936 281 1979 ne
308 1915 376 1998 ipss
406 1916 532 1998 quidem
562 1914 688 1991 eredit,⁵
719 1915 884 1980 Claudium
913 1915 1016 1997 ipsum
1047 1913 1226 1979 interfuisse
1248 1920 1368 1990 testem,

152 2026 266 2104 aperte
288 2021 401 2084 l'alsum
425 2027 479 2084 est.
526 2019 607 2084 Nam
630 2027 698 2084 turn
722 2041 783 2083 non
807 2020 936 2084 ultimus
964 2020 1102 2084 omnium
1128 2019 1279 2084 Claudius
1302 2041 1368 2085 reru

151 2126 355 2190 audivisset.⁶
394 2125 455 2201 Qui
478 2125 604 2190 tandem
628 2125 742 2190 certior
762 2123 863 2190 factus
880 2124 1027 2189 Narcisso
1050 2132 1178 2190 auctore
1202 2126 1314 2191 Silium
1338 2131 1369 2189 et

153 2231 359 2296 Messalinam
382 2231 536 2314 supplicio
559 2229 672 2294 affecit.

264 2337 435 2402 Videamus
459 2358 550 2412 nuno,
572 2357 673 2419 usque
696 2358 757 2418 quo
781 2335 922 2401 narratio
946 2336 1103 2401 luvenalis
1119 2341 1274 2418 congruat
1296 2357 1367 2399 cunr

154 2444 298 2508 veritate.
345 2443 448 2525 Atque
482 2443 619 2525 primum
653 2464 718 2507 rem
749 2445 795 2506 ita
820 2448 945 2518 narrat,
978 2425 1069 2524 quasi
1093 2443 1201 2506 statim
1225 2462 1244 2506 a
1267 2441 1368 2524 primo

151 2549 273 2614 amoris
296 2569 373 2630 erga
396 2547 508 2613 Silium
532 2568 624 2612 seusu
648 2547 818 2612 Messalina
848 2548 876 2612 ei
899 2547 1018 2612 nubere
1045 2546 1273 2624 constituisset,
1305 2568 1369 2611 non

151 2662 225 2718 tum
241 2655 375 2729 demum,
397 2659 564 2736 postquam
580 2673 635 2736 per
651 2653 782 2736 aliquod
797 2661 918 2736 tempus
935 2653 1126 2718 adulterium
1148 2653 1366 2729 commisisset;

156 2767 224 2824 turn
248 2759 449 2824 Messalinam
477 2759 604 2842 nuptias
633 2757 792 2841 flagitasse
815 2759 901 2836 dicit,
931 2780 1131 2842 quamquam,
1163 2766 1198 2823 ut
1226 2759 1369 2833 vidimus,

265 3022 348 3075 1cn·.
368 3022 425 3075 Tac.
450 3040 510 3077 ann.
529 3023 575 3077 XI.
596 3025 637 3078 12.
674 3023 750 3100 ,Nam
776 3024 801 3076 in
827 3025 920 3077 Caium
940 3025 1042 3091 Silium,
1069 3025 1213 3078 iuventutis
1236 3024 1368 3078 Romanae

154 3108 370 3177 pulcherrimum,
389 3111 427 3162 ita
444 3113 583 3178 exarserat,
602 3115 633 3163 ut
650 3111 752 3164 Iuniam
772 3111 896 3178 Silanam,
916 3113 1027 3165 nobilem
1050 3113 1183 3181 seminam,
1202 3113 1368 3166 matrimonio

151 3199 213 3251 eius
231 3197 381 3250 exturbaret
398 3213 528 3264 vacuoque
546 3196 665 3251 adultero
684 3192 831 3266 poteretur.'

264 3290 275 3322 ἵ
294 3285 347 3340 Cir.
366 3285 400 3340 ib.
437 3285 536 3362 ,Neque
555 3285 635 3338 Silius
653 3285 749 3354 flagitii
773 3288 820 3338 aut
837 3284 944 3352 periculi
962 3285 1063 3338 nescius
1087 3289 1156 3348 erat;
1181 3286 1225 3339 sed
1248 3289 1327 3354 certo,
1346 3288 1369 3339 si

154 3375 290 3441 abnueret,
309 3374 387 3427 exitio
406 3377 432 3426 et
450 3373 576 3426 nonnulla
595 3373 703 3426 fallendi
722 3389 774 3440 spe,
794 3373 872 3426 simul
890 3373 993 3441 magnis
1012 3374 1141 3443 praemiis,
1161 3375 1259 3442 operire
1279 3375 1368 3429 sutura

152 3466 183 3516 et
200 3463 380 3530 praesentibus
398 3461 450 3515 frui
469 3478 515 3529 pro
534 3461 629 3515 solacio
648 3455 776 3516 habebat'

264 3550 347 3604 ⁸Clr.
366 3550 401 3604 ib.
438 3550 497 3626 ,Illa
515 3567 566 3604 non
585 3549 686 3616 furtim,
706 3549 750 3604 sed
768 3550 851 3602 multo
870 3549 997 3603 comitatu
1009 3550 1136 3602 ventitare
1149 3549 1261 3618 domum,
1280 3566 1368 3619 egres·

152 3639 229 3692 sibus
254 3637 443 3706 adhaerescere,
468 3639 561 3706 largiri
586 3655 647 3706 opes
671 3639 787 3690 honores.
824 3636 967 3706 Postremo,
991 3637 1063 3690 velut
1086 3637 1216 3690 translata
1240 3637 1292 3690 iarn
1316 3637 1369 3691 for·

152 3730 229 3796 ‘tuna
248 3726 315 3780 servi
333 3726 420 3779 liberti
440 3731 548 3794 paratus
567 3727 691 3794 principis
709 3724 779 3792 apud
798 3725 945 3779 adulterum
965 3719 1131 3779 visebantur.'

263 3818 274 3849 ⁴
293 3814 345 3868 Cir.
366 3813 424 3868 Tac.
444 3831 503 3868 ann.
522 3815 568 3868 XI.
588 3816 630 3869 26.

262 3901 346 3957 ⁶cn.
366 3902 438 3960 Suet,
457 3903 503 3956 vit.
524 3902 615 3957 Claud.
635 3905 677 3957 29.
715 3901 793 3978 ,Nam
818 3901 884 3955 illud
907 3917 1008 3956 ornnem
1033 3901 1109 3955 fidem
1137 3902 1280 3969 excesserit,
1300 3902 1370 3970 quod

152 3991 265 4058 nuptiis,
283 4006 348 4058 quas
367 3990 507 4044 Messalina
525 4006 583 4042 oum
608 3990 727 4044 adultero
746 3990 811 4044 Silio
835 3989 938 4058 iecerat,
962 3990 1072 4042 tabellas
1097 3989 1165 4042 dotis
1190 3993 1216 4042 ot
1238 3990 1293 4057 ipse
1311 4005 1372 4044 con-

151 4079 315 4146 signaverit,
339 4078 476 4146 inductus,
504 4079 579 4146 quasi
602 4077 633 4131 de
660 4079 790 4132 industria
817 4078 1003 4131 simularentur
1035 4077 1069 4131 ad
1096 4077 1264 4132 avertendum
1284 4082 1372 4130 trans·

155 4166 341 4233 ferendumque
359 4167 510 4234 perieulum,
530 4165 598 4233 quod
616 4167 750 4219 imminere
769 4166 818 4218 sibi
837 4181 883 4232 per
895 4165 1022 4233 quaedam
1041 4168 1143 4220 ostenta
1157 4159 1371 4233 portenda-etur?

263 4253 345 4308 ⁰Cfr.
366 4255 425 4310 Tac.
444 4271 503 4310 ann.
523 4254 569 4307 Xl.
589 4255 639 4322 30,
659 4254 690 4308 D.
710 4254 782 4309 Cass.
803 4256 844 4310 60.
865 4254 907 4308 31.
