3266 4902
34 444 39 485 l

736 195 777 259 35

648 287 859 296 ———-..

252 400 1358 472 Iamveroanteannum89.Iuliaemorscollocandanonest.Ann087.

145 512 230 578 enim
247 514 410 578 etiamtum
427 511 552 576 vivebat
562 516 586 587 ;1
602 531 702 593 usque
717 511 758 575 ab
774 510 829 574 illo
845 515 951 574 autem
962 514 1103 592 tempore
1116 509 1315 573 Domitianus
1328 509 1360 572 in

33 686 36 697 ,
148 619 231 684 bello
255 625 366 683 contra
381 618 484 682 Dacos
506 617 643 699 gerendo
665 615 778 680 absens
802 622 887 691 erat,
910 615 1040 680 absente
1061 621 1165 680 autem
1182 615 1362 679 Domitiano

33 764 36 802 ,
146 725 231 789 Iulia
254 745 318 788 non
340 723 446 788 obiit²
485 723 580 787 Initio
603 721 679 788 anni
697 724 748 789 89.
771 721 805 786 in
821 721 904 786 bello
920 721 1085 786 etiamtum
1100 719 1288 786 versabatur
1303 720 1363 784 im-

32 857 34 885 :
146 835 283 912 perator,
296 828 335 894 de
347 849 411 911 qua
424 850 458 893 re
470 828 550 892 actis
562 827 696 892 fratrum
708 827 871 891 Arvalium
883 826 1053 892 docemur.³
1085 824 1166 889 Nam
1178 825 1274 890 huius
1286 826 1362 890 anni

62 988 65 997 .
148 955 253 999 mense
266 933 415 998 Ianuario
427 932 477 997 bis
489 939 561 998 vota
574 939 720 1016 suscepta
731 938 805 998 sunt
816 953 874 1015 pro
886 931 1039 1014 principis
1052 930 1184 997 victoria
1200 943 1232 996 et
1246 931 1363 1006 reditu,

145 1060 230 1122 quae
259 1039 417 1121 pertinere
444 1038 485 1103 ad
515 1038 634 1103 bellum
667 1037 817 1102 Dacicum
848 1035 1095 1103 Hirschfeldius4
1125 1037 1361 1104 demonstravit.

254 1145 366 1226 ltaque
395 1164 452 1226 pro
482 1148 568 1210 certo
597 1142 799 1209 statuendum
828 1149 876 1208 est
903 1143 1078 1209 Domitiani
1108 1147 1139 1208 et
1169 1142 1269 1208 Iuliae
1298 1149 1364 1208 tra·

145 1249 279 1332 goedias
302 1248 530 1332 posterioribus
553 1249 630 1314 anni
654 1251 705 1314 89.
728 1248 889 1314 mensibus
912 1249 1079 1314 exstitisse.

254 1354 413 1438 Sequitur,
436 1362 472 1420 ut
494 1355 708 1437 explanemus,
731 1375 794 1437 quo
816 1361 957 1437 tempore
979 1355 1030 1418 lex
1046 1353 1129 1419 Iulia
1147 1353 1297 1421 restituta
1312 1353 1362 1420 sit.

151 1463 256 1543 Atque
279 1460 439 1526 Martialis
462 1459 496 1524 in
520 1461 574 1525 VI.
597 1460 860 1544 epigrammatum
883 1460 965 1525 libro
989 1458 1084 1524 huius
1107 1459 1153 1525 rei
1175 1459 1363 1525 identidem⁵

147 1565 340 1631 mentionem
362 1565 458 1642 facit,
480 1586 552 1630 cum
573 1565 607 1630 in
630 1564 721 1629 libris
744 1565 800 1647 qui
823 1565 1014 1630 antecedunt
1036 1564 1075 1630 de
1097 1565 1158 1630 hac
1180 1587 1215 1632 re
1238 1566 1365 1632 omuino

148 1670 231 1735 nihil
262 1671 357 1736 dicat.
403 1671 471 1736 Iam
501 1691 574 1736 vero
599 1671 653 1736 VI.
679 1674 707 1734 7.
738 1669 833 1735 claris
865 1669 969 1735 verbis
1001 1670 1235 1736 demonstratur
1264 1671 1365 1753 legem

146 1777 239 1840 illam
277 1776 457 1859 nuperrime
495 1797 562 1842 esse
599 1779 809 1843 renovatam.⁶
873 1775 1003 1859 Itaque,
1041 1775 1168 1858 quando
1207 1775 1365 1840 Martialis

148 1882 267 1946 librum
291 1881 344 1946 VI.
369 1882 540 1965 scripserit,
564 1881 708 1965 quaestio
731 1880 926 1947 instituenda
950 1883 1022 1945 est.⁷
1068 1881 1111 1946 Et
1133 1886 1216 1946 certe
1238 1881 1365 1965 scripsit

257 2109 460 2178 ¹Nnncupatur
487 2111 555 2162 enim
583 2111 611 2163 In
637 2111 717 2177 votis,
750 2126 817 2178 quae
847 2111 941 2164 tratres
974 2109 1082 2164 Arvales
1114 2110 1190 2164 imtio
1216 2109 1272 2164 eius
1305 2112 1366 2164 anni

148 2198 319 2264 susceperunt
337 2195 401 2265 (Otr.
421 2195 568 2264 Herizenus,
592 2213 653 2266 pag.
673 2196 781 2252 CXVII.
800 2200 827 2250 et
849 2197 946 2252 cv111.
983 2197 1034 2263 Qui
1052 2197 1131 2252 fuerit
1149 2197 1213 2265 dies,
1231 2213 1262 2250 ex
1279 2197 1366 2266 lapide

148 2302 200 2338 non
218 2285 284 2338 satis
302 2287 411 2352 constat,
432 2288 501 2338 certe
519 2301 605 2339 mense
623 2285 745 2339 Ianuario
764 2287 826 2338 anni
844 2286 887 2341 87.
905 2285 975 2339 Iulia
993 2285 1105 2340 vivebat.

257 2376 267 2407 ²
286 2372 339 2428 cn.
358 2371 430 2428 Suet.
449 2374 495 2428 vlt.
514 2373 590 2428 Dom.
609 2373 642 2426 22
662 2429 669 2450 ι
757 2377 787 2427 nt
804 2373 883 2427 etiam
903 2389 982 2428 causa
1000 2374 1092 2427 mortis
1115 2375 1245 2428 exstiterit
1262 2376 1367 2428 coactae

147 2462 301 2526 conceptum
311 2477 338 2520 ,a
355 2475 383 2512 se
400 2453 521 2528 abIgere.'

255 2550 267 2581 ³
285 2546 339 2601 Cfr.
353 2547 498 2614 Hennenus,
511 2548 530 2600 l.
543 2564 564 2601 c.
578 2564 638 2617 pag.
651 2547 745 2600 CXXI.
768 2547 862 2624 ‘Isdem
876 2565 927 2603 cos.
941 2565 981 2616 pr.
994 2547 1054 2602 Idus
1066 2548 1181 2604 Ianuar.
1194 2549 1221 2603 in
1234 2549 1364 2618 Capitolio

148 2653 182 2689 ex
201 2651 221 2689 s.
241 2650 261 2688 c.
281 2651 327 2701 pro
355 2634 440 2687 salute
462 2636 489 2687 et
513 2635 629 2688 victoria
656 2639 680 2687 et
703 2636 794 2689 redita
818 2637 881 2704 imp.
905 2636 1049 2690 Domitiani
1075 2636 1194 2692 Caesaris
1212 2638 1281 2706 Aug.
1300 2637 1365 2692 Ger-

148 2721 262 2774 manici
271 2719 373 2788 fratres
386 2720 498 2774 Arvales
516 2726 576 2774 eota
594 2726 785 2790 nuncuparunt.
822 2724 853 2776 In
873 2723 984 2792 collegio
1002 2724 1187 2792 interfuerant
1199 2725 1230 2780 L.
1244 2727 1366 2780 Veratius

150 2808 303 2874 Quadratus
320 2802 378 2863 eta'
400 2809 438 2864 ib.
459 2808 552 2885 ‘Isdem
571 2825 622 2864 cos.
639 2810 711 2865 XVI.
728 2810 752 2865 lc.
765 2810 842 2865 Febr.
857 2812 882 2864 in
897 2811 1026 2880 Capitolio
1039 2813 1072 2866 ob
1089 2817 1151 2866 vota
1168 2813 1367 2882 adsuspricnda

148 2915 180 2950 er
194 2897 277 2950 edicto
290 2913 340 2952 cos.
352 2900 380 2950 et
391 2913 422 2950 ex
434 2914 454 2953 s.
468 2914 490 2952 c.
503 2913 550 2964 pro
562 2898 647 2952 salute
665 2900 697 2952 et
714 2898 829 2953 redita
846 2902 872 2953 ct
884 2900 993 2954 victoria
1011 2900 1074 2968 imp.
1088 2900 1209 2955 Caesaris
1222 2903 1367 2956 Domitiani

152 2986 221 3054 Aug.
234 2984 382 3039 Germanici
400 2984 538 3053 collegium
557 2985 670 3040 fratrum
686 2987 822 3041 Arvalium
841 2989 961 3042 convenit
980 3030 986 3044 .
1007 3030 1013 3044 .
1034 3030 1040 3044 .
1060 2981 1076 3044 .'
1113 2990 1152 3043 Ex
1170 2989 1255 3044 verbis
1274 2990 1363 3066 ‘isdem

149 3065 213 3126 coa'
236 3088 287 3125 non
310 3073 402 3140 liquet,
426 3073 471 3139 qui
493 3072 572 3126 fuerit
596 3090 693 3143 annus,
714 3077 760 3128 sed
780 3075 917 3130 Henzenus
938 3076 956 3132 l.
981 3093 1002 3130 c.
1024 3079 1186 3146 argumentis
1213 3079 1366 3133 certissimis

149 3159 316 3213 confirmavit
333 3176 431 3212 annum
442 3161 585 3229 significari
598 3163 640 3216 89.

258 3250 271 3281 ⁴
289 3245 428 3317 Gottinger
451 3248 567 3318 gelehrte
586 3249 716 3316 Anzeigen
741 3249 817 3316 1869,
837 3265 896 3318 pag.
918 3250 993 3306 1506.
1019 3250 1073 3306 cn.
1091 3253 1171 3308 etiam
1190 3254 1366 3323 Kluegmanni

150 3333 210 3412 tDie
228 3351 310 3389 neuen
330 3329 583 3390 Arvalmonumente'
602 3337 630 3388 in
648 3335 782 3405 Philologi
801 3337 873 3392 Tom.
893 3339 934 3394 28.
953 3355 1014 3408 pag.
1034 3341 1094 3396 487.

258 3423 344 3478 ὅ(311.
362 3424 457 3491 epigrr.
477 3423 524 3477 v1.
542 3424 575 3492 2,
595 3426 629 3492 4,
648 3426 681 3493 7,
700 3425 751 3493 22,
770 3427 822 3494 45,
842 3429 884 3481 91.

259 3511 366 3586 8(Ι111111
384 3511 424 3563 lex
442 3511 546 3578 populis
563 3528 592 3565 ex
611 3529 670 3581 quo,
689 3513 823 3582 Faustino,
842 3517 934 3569 renata
952 3518 992 3570 est

346 3599 433 3665 Atque
450 3599 547 3653 intrare
566 3599 655 3654 domos
673 3602 745 3655 iussa
764 3601 896 3657 Pudicitia
914 3607 962 3671 est,

288 3685 352 3738 Aut
371 3687 478 3760 minps
496 3691 552 3742 aut
570 3691 660 3742 certe
678 3706 738 3742 uon
757 3690 833 3757 plus
852 3692 1027 3747 tricesima
1045 3693 1102 3747 lux
1121 3687 1205 3764 ests

349 3774 384 3826 Et
401 3774 478 3828 nubit
495 3776 593 3830 docimo
611 3777 664 3831 iam
683 3777 806 3832 Telesilla
823 3779 888 3835 vira.

290 3861 362 3927 Quae
380 3862 456 3916 nubit
474 3864 578 3934 totiens,
597 3882 646 3918 non
666 3865 754 3919 nubit:
773 3866 893 3921 adultera
911 3867 968 3937 lege
986 3872 1034 3925 est.

347 3948 469 4004 Offendor
485 3952 592 4006 moecha
610 3954 764 4021 sImpliciore
783 3949 886 4010 minua’

262 4039 320 4092 'In
347 4055 400 4107 qua
426 4055 453 4092 re
479 4040 616 4094 tractanda
643 4041 778 4110 Stobbens‚
805 4045 867 4111 quia
899 4045 1140 4100 commentationem
1169 4048 1206 4116 (in
1234 4047 1367 4117 Philologi

147 4125 226 4180 Tam.
251 4126 293 4180 26.
318 4142 378 4194 pag.
398 4128 440 4181 44.
460 4133 508 4196 sq.)
532 4129 636 4196 sempsit
659 4145 688 4182 eo
706 4133 827 4199 tempore,
846 4148 905 4186 curn
924 4149 1005 4201 neque
1023 4137 1082 4188 acta
1100 4135 1211 4190 fratrum
1231 4137 1365 4191 Arvalium

150 4213 187 4266 ab
198 4214 317 4267 Henzeno
327 4212 397 4268 edita
407 4231 488 4283 neque
498 4215 602 4269 libellus
618 4215 825 4271 aGutschnridio
836 4221 995 4288 conscriptus
1011 4221 1075 4275 iuris
1083 4222 1180 4289 publici
1193 4226 1275 4292 erant,
1288 4229 1366 4280 errat.

1170 4329 1208 4382 3*
