3266 4902
752 233 791 295 17

662 321 873 330 —.-—-.——-

499 453 509 503 ,’
616 441 680 510 Sat.
704 443 775 509 VII.
801 445 851 508 82.
875 463 920 524 sq.

389 584 520 660 (Curritur
538 583 571 638 ad
590 601 676 638 vocem
700 583 839 638 iucundam
857 587 883 637 et
902 598 1003 636 carmen
1031 579 1128 634 amicae

389 671 543 741 Thebaidos,
561 673 657 726 laetam
676 689 734 725 cum
754 672 815 725 fecit
833 671 934 724 Statius
952 669 1041 724 urbem

389 759 565 828 Promisitque
583 759 665 815 diem:
688 762 763 813 tanta
782 759 917 812 dulcedine
935 760 1024 826 captos

389 847 479 901 Allicit
496 848 540 901 ille
558 849 666 916 animos,
685 850 810 916 tantaque
828 847 936 901 libidine
954 846 1029 912 vulgi

390 934 519 1004 Auditur3
538 935 583 989 sed
601 952 659 989 cum
680 936 760 1003 tregit
779 935 903 989 subsellia
920 950 1005 1001 versu,

390 1024 489 1091 Esurit
508 1025 632 1078 intactam
652 1024 742 1078 Paridi
760 1025 811 1077 nisi
830 1022 918 1077 vendit
936 1014 1061 1091 Agaveu.'

267 1200 387 1266 Statius
419 1199 479 1264 hoc
508 1200 577 1265 loco
599 1207 711 1284 poetae
735 1222 797 1265 non
820 1199 959 1265 ludibrio
988 1209 1044 1264 est.
1094 1198 1148 1262 Eis
1178 1198 1270 1274 enim,
1295 1218 1376 1282 quae

161 1306 308 1388 leguntur
331 1306 365 1370 in
389 1306 454 1370 vita
477 1305 660 1382 luvenalis,1
675 1307 756 1370 nihil
773 1307 850 1370 certi
867 1305 1011 1370 efficitur.
1049 1304 1148 1369 Immo
1164 1325 1202 1367 ex
1219 1303 1376 1368 Iuvenalis

161 1411 264 1476 verbis
297 1413 494 1476 manifestum
525 1417 572 1476 est
602 1411 738 1476 Statium
768 1411 924 1494 appellari
942 1411 1037 1476 inter
1066 1432 1128 1487 ene,
1157 1410 1211 1493 qui
1240 1410 1375 1492 gloriam

160 1519 228 1582 iure
258 1517 320 1582 sibi
350 1518 547 1600 paraverint,
578 1537 711 1599 aequam
742 1516 915 1580 mercedem
944 1516 1063 1580 iniuria
1092 1538 1156 1580 non
1186 1515 1373 1582 invenerint,

161 1622 221 1689 Sed
244 1625 321 1689 haec
344 1624 524 1700 mittamus3
548 1622 639 1687 nobis
662 1621 915 1704 investigandum
940 1627 997 1698 est,
1025 1642 1100 1685 num
1123 1621 1243 1686 Statius
1266 1643 1376 1687 revera

160 1751 280 1813 pauper
296 1728 400 1794 fuerit.
447 1729 549 1810 Atque
566 1727 806 1792 Bernhardius2
828 1749 944 1809 negare
966 1726 1099 1802 videtur,
1120 1726 1224 1808 ipsum
1240 1726 1375 1791 Statium

160 1834 220 1898 hoc
243 1835 311 1899 loeo
334 1855 397 1898 non
421 1832 593 1916 significari
617 1832 814 1899 confirmans.
861 1833 943 1898 Sane
959 1832 1141 1896 nominatur
1156 1853 1213 1914 pro
1230 1832 1375 1896 omnibus

160 1941 214 2015 eie,
236 1940 350 2024 quibus
367 1959 436 2004 sors
452 1939 563 2004 similis
579 1939 722 2022 contigit.
768 1938 828 2004 Sed
849 1939 911 2004 hac
932 1960 966 2002 re
988 1938 1117 2002 minime
1140 1937 1282 2020 sequitur
1304 1959 1375 2002 eum

161 2067 221 2110 non
240 2045 336 2111 fuisse
351 2066 538 2129 pauperem3
562 2045 629 2110 sine
645 2044 752 2120 dubio,
769 2045 823 2128 qui
834 2045 972 2120 Lucano,
989 2050 1100 2126 poetae
1114 2043 1161 2106 illi
1178 2043 1375 2120 divitissimo‚

160 2158 372 2234 opponuntur,
394 2172 549 2233 pauperes
573 2157 672 2225 erant,
695 2150 851 2232 imprimis
876 2151 911 2226 is,
935 2149 998 2232 qui,
1022 2156 1059 2213 ut
1073 2148 1263 2213 Bernhardii
1280 2149 1374 2214 verbo

160 2263 241 2332 utar,
271 2257 408 2321 omnium
440 2257 552 2320 horum
576 2242 773 2350 ‘symbolum'
798 2262 853 2320 est.
901 2255 999 2318 Porro
1023 2252 1214 2320 Teuffelius³
1238 2254 1372 2319 Statium

161 2383 223 2425 non
247 2362 373 2444 inopem
403 2359 500 2425 fuisse
531 2361 748 2426 demonstrare
771 2360 884 2427 studet.
930 2360 1104 2443 Praecipue
1134 2381 1171 2423 ea
1193 2382 1227 2424 re
1250 2360 1373 2436 nititur,

161 2465 246 2548 quod
268 2467 322 2531 ille
344 2466 507 2549 praedium
530 2466 713 2548 possederit.
760 2465 939 2531 Iuvenalem
963 2467 1009 2530 ait
1032 2487 1093 2530 nnn
1119 2465 1222 2530 dicere
1238 2465 1374 2530 Statium

160 2570 241 2635 nihil
256 2571 413 2648 habuisse,
429 2571 483 2636 sed
499 2570 659 2635 Thebaide
674 2572 812 2636 carmine
828 2571 908 2635 nihil
932 2571 993 2636 sibi
1010 2571 1177 2654 peperisse.
1217 2571 1373 2652 Equidem

159 2683 271 2758 poetae
293 2675 389 2740 verba
412 2676 505 2741 aliter
528 2676 664 2758 accipio:
688 2677 809 2742 Statius
832 2677 912 2741 nihil
936 2676 1056 2753 habuit,
1086 2676 1280 2741 carminibus
1308 2677 1373 2741 illis

158 2782 320 2863 ingeniose
343 2783 523 2864 compositis
547 2782 628 2847 nihil
651 2783 712 2846 sibi
735 2783 876 2865 paravit3
900 2783 1016 2866 itaque,
1044 2804 1083 2847 ne
1108 2781 1191 2846 fame
1216 2783 1374 2865 opprime-

158 2894 254 2962 retur,
285 2887 495 2951 histrionibus
527 2887 670 2953 vendidit
702 2889 921 2970 pantomimos
969 2890 1014 2954 De
1038 2888 1131 2953 Statii
1164 2909 1198 2952 re
1221 2888 1373 2953 familiari

158 2998 283 3075 praeter
314 2992 370 3056 hos
402 2991 560 3056 Iuvenalis
590 3015 697 3058 versus
726 2995 895 3059 memoriae
924 2995 1006 3058 nihil
1037 2993 1189 3058 traditum
1222 2999 1278 3058 est.
1326 2995 1373 3059 Eo

158 3097 258 3179 magis
288 3097 394 3174 miror,
423 3097 508 3178 quod
540 3098 600 3161 viri
631 3098 715 3162 docti
746 3099 788 3175 id,
821 3099 905 3180 quod
934 3106 1029 3182 poeta
1061 3099 1147 3175 dicit,
1171 3099 1297 3164 credere
1324 3121 1374 3164 re·

158 3210 279 3279 cusani,
302 3202 495 3266 contrarium
518 3224 626 3267 verum
649 3224 715 3268 esse
738 3210 892 3279 statuunt,
915 3204 1006 3286 quasi
1024 3204 1181 3268 luvenalis
1200 3206 1293 3269 verba
1309 3227 1372 3269 non

158 3309 259 3371 solum
283 3307 385 3383 nihili,
409 3307 462 3372 sed
479 3307 590 3390 utique
611 3306 693 3371 falsa
715 3307 785 3374 sint.
832 3308 1028 3391 Quamquam
1045 3309 1166 3374 Statius
1188 3310 1371 3393 possidebat

157 3413 322 3495 praedium
339 3413 506 3488 Albanum,
529 3420 634 3476 tamen
658 3413 738 3477 nihil
762 3413 902 3497 impedit,
919 3415 1086 3497 quominus
1108 3421 1284 3480 statuamus
1301 3438 1372 3480 eum

157 3518 392 3600 pauperrimum
414 3517 518 3584 fuisse.
564 3518 722 3583 Martialis
746 3541 871 3603 quoque
893 3519 1032 3585 habebat
1053 3519 1293 3598 Nomentanum,
1318 3523 1372 3586 sed

265 3729 401 3804 ¹(lleinde
424 3745 563 3796 paucorum
589 3745 709 3782 uersuum
737 3731 817 3783 satira
842 3747 890 3783 non
911 3730 1021 3784 absurde
1041 3731 1184 3799 composita
1201 3733 1229 3784 in
1248 3730 1370 3785 Paridem

157 3817 345 3885 pantomimum
365 3819 518 3884 portamque
541 3818 596 3870 eius
616 3818 783 3870 semestribus
802 3818 930 3871 militiolis
957 3821 1098 3872 tumentem
1118 3819 1166 3872 hoe
1184 3836 1267 3889 genus
1290 3821 1371 3887 serip-

156 3909 231 3958 turae
250 3903 406 3957 industriose
425 3898 554 3958 excoluit'

262 3992 345 4046 2Clr.
365 3992 383 4047 l.
402 4008 424 4045 c.
446 4009 505 4060 pag.
524 3993 583 4047 493.
608 3985 689 4069 '‘hlan
710 3996 777 4063 sagt,
797 3993 854 4048 dals
873 4011 900 4048 er
922 3995 947 4046 in
968 3994 1097 4062 ditrltiger
1115 3995 1187 4062 Lege
1212 3996 1264 4048 sein
1286 3995 1370 4048 Leben

75 4092 81 4102 '
157 4074 301 4136 besehlols.'
336 4081 366 4134 In
387 4080 473 4135 adnot.
493 4082 552 4136 384.
572 4083 644 4150 (pag.
664 4084 733 4150 496.)
753 4083 828 4136 dicit:
866 4083 929 4158 tFiir
946 4083 1061 4152 quenci,
1082 4084 1142 4142 Vll,
1156 4086 1198 4139 82.
1218 4083 1244 4137 ff.
1263 4084 1299 4136 ist
1317 4084 1370 4136 sein

156 4170 240 4224 Narne
261 4186 310 4222 nur
329 4163 452 4238 Symbol’

263 4257 346 4312 ³Cfr.
366 4257 484 4311 'l'eutlelii
503 4257 666 4334 ‘Gesclrichto
685 4259 709 4314 d.
730 4263 793 4312 riim.
813 4258 866 4314 Lit.
886 4261 910 4314 4.
930 4252 1006 4314 Aul?
1025 4277 1084 4329 pag.
1104 4259 1162 4315 636.

1195 4366 1211 4420 2
