3266 4902
771 195 812 259 29

686 285 897 295 ———-—.-...

184 402 297 486 potuit.
346 402 431 468 Afris
455 402 522 468 sine
545 403 642 469 dubio
666 427 728 470 non
752 407 860 471 omnia
883 407 1030 474 restituta
1053 416 1135 474 sunt.
1173 409 1234 477 Sed
1251 411 1309 476 hoc
1324 433 1398 478 con·

185 508 355 573 cedendum
380 518 436 587 est,
459 511 585 592 singula
607 511 703 576 verba
725 514 835 594 gravia
858 518 889 578 et
911 515 1005 579 nimis
1029 523 1221 599 exaggerata
1244 540 1319 585 esse.

658 777 931 862 wssfflm

431 953 531 1029 (Qualis
550 957 607 1008 erat
624 971 706 1022 nuper
724 955 824 1024 tragico
842 956 959 1023 pollutus
977 955 1080 1010 adulter

430 1042 583 1111 Concubitu,
602 1043 646 1110 qui
665 1045 743 1096 tunc
761 1043 832 1112 leges
851 1043 988 1098 revocabat
1006 1061 1109 1099 amaras

431 1129 557 1183 Omnibus
576 1134 654 1198 atque
672 1131 736 1198 ipsis
754 1131 847 1184 Veneri
866 1131 996 1200 Martique
1014 1132 1151 1202 timendas,

431 1217 507 1271 Cum
528 1221 568 1271 tot
586 1219 711 1272 abortivis
729 1218 866 1272 fecundam
885 1219 954 1273 Iulia
972 1221 1108 1274 vulvam

431 1305 584 1360 Solveret
601 1310 628 1360 et
645 1310 738 1374 patruo
757 1307 855 1361 similes
873 1308 1016 1362 effunderet
1034 1303 1115 1364 offas?

289 1467 335 1532 De
357 1467 417 1532 hoc
440 1467 517 1542 lucc,
551 1489 620 1532 curn
655 1475 686 1532 et
719 1490 770 1534 res
803 1469 991 1550 gravissima
1020 1470 1063 1534 sit
1093 1476 1124 1535 et
1154 1471 1331 1555 exemplum
1354 1472 1395 1537 ad

183 1572 403 1637 illustrandum
433 1573 591 1638 Iuvenalis
619 1575 772 1638 rationem
803 1575 956 1640 narrandi
987 1576 1078 1640 valde
1101 1577 1265 1653 idoneum,
1296 1578 1395 1644 fusius

185 1699 278 1759 agere
301 1679 378 1742 mihi
401 1678 503 1743 liceat.
551 1680 655 1761 Atque
678 1679 728 1744 his
752 1679 893 1746 versibus
910 1682 1014 1745 notari
1031 1681 1246 1746 Domitianum
1263 1691 1395 1749 constat.

185 1783 266 1848 Nam
290 1784 349 1846 etsi
372 1784 562 1849 scholiastae
577 1785 679 1850 verbis
696 1777 861 1851 admodum
880 1785 1028 1864 confusia,
1052 1793 1082 1851 et
1099 1808 1179 1870 quae
1194 1789 1395 1871 corruptione

184 1911 245 1953 non
263 1911 374 1954 vacare
389 1890 565 1967 videantur,
589 1891 739 1956 Claudius
755 1893 962 1968 nominatur,¹
985 1899 1089 1957 tamen
1106 1881 1228 1989 ‘Iuliae'
1245 1901 1276 1958 et
1291 1894 1395 1976 legum

186 1995 314 2092 tVeneri
343 1996 501 2078 Martique
526 1984 747 2061 timendarum’
771 1999 1073 2074 commemoratione,
1098 1999 1174 2081 quin
1197 2000 1238 2064 ad
1262 2001 1396 2066 Domiti·

184 2122 279 2164 anum
303 2108 443 2184 spectent
465 2102 623 2166 Iuvenalis
646 2089 826 2185 opprobria,
849 2104 996 2169 dubitare
1018 2111 1169 2168 vetamur.
1209 2105 1252 2170 Et
1274 2106 1395 2171 acerbi-

183 2212 250 2270 tate
273 2227 343 2271 vere
359 2207 563 2271 luvenaliana
578 2208 760 2291 imperatori
777 2209 877 2272 scelus
893 2209 1078 2292 imputatur,
1102 2231 1165 2293 quo
1187 2233 1248 2275 non
1266 2211 1395 2276 deorum

185 2313 287 2376 solum
310 2321 341 2376 et
364 2320 506 2388 naturae,
530 2314 583 2377 sed
606 2335 680 2378 suas
703 2315 803 2397 ipsius
819 2315 903 2396 leges
920 2315 1098 2380 foedissime
1113 2317 1300 2399 perruperit.
1333 2317 1394 2382 Sed

184 2418 331 2483 omniane
354 2426 437 2483 recte
468 2438 500 2483 sc
530 2419 669 2484 habeant
698 2427 729 2485 et
759 2441 888 2503 prorsus
912 2427 1058 2484 accurate
1080 2422 1181 2486 relata
1205 2422 1278 2498 sint,
1307 2422 1395 2487 haud

184 2524 288 2587 aliena
312 2524 523 2589 videturesse
546 2525 698 2608 quaestio.
745 2525 810 2590 Nec
839 2547 912 2590 vero
942 2527 1019 2590 satis
1048 2527 1109 2591 crit
1131 2527 1395 2592 demonstravisse

185 2630 316 2694 eundern
340 2631 556 2695 Domitianum
590 2637 621 2695 et
653 2637 815 2696 revocatas
849 2627 1136 2697 contra‘libidines
1166 2633 1250 2715 leges
1274 2655 1395 2698 summa

186 2756 256 2799 curn
279 2736 444 2800 severitate
467 2735 642 2802 exercuisse
671 2743 702 2801 et
730 2737 818 2820 turpi
850 2737 1019 2802 concubitu
1048 2738 1202 2822 pollutum
1233 2759 1308 2816 esse,
1340 2738 1394 2803 sed

184 2847 280 2923 caput
302 2843 400 2906 totius
429 2843 494 2907 loci
528 2849 575 2908 est
609 2843 669 2908 hoc
700 2849 868 2925 utrumque
896 2842 1014 2906 facturn
1044 2863 1111 2910 esse
1138 2865 1199 2908 uno
1223 2843 1395 2928 eodemque

183 2952 333 3028 tempore,
363 2947 397 3011 id
426 2947 510 3029 quod
538 2953 649 3031 poetae
678 2948 780 3012 verbis
812 2954 896 3043 ttunc
918 2987 962 2995 —
984 2937 1064 3013 cum'
1094 2956 1203 3033 aperte
1225 2950 1393 3041 indicatur.

185 3049 297 3132 Itaque
318 3051 454 3132 primum
478 3052 516 3116 de
539 3051 660 3133 legibus
684 3053 900 3118 aDomitiano
916 3055 1078 3132 revocatis,
1101 3061 1167 3120 tum
1187 3054 1225 3119 de
1241 3055 1308 3119 eius
1324 3076 1395 3119 curn

184 3156 266 3220 Iulia
288 3156 514 3220 consuetudine
537 3177 637 3220 sermo
661 3157 730 3232 erit,
753 3164 912 3240 postremo
942 3164 1049 3223 autern
1071 3160 1303 3241 explanabitur,
1332 3182 1393 3242 quo

183 3263 252 3325 iure
275 3261 377 3326 verbis
401 3268 485 3359 ttunc
509 3300 549 3308 —
573 3249 651 3325 cum'
675 3261 832 3326 luvenalis
856 3269 973 3328 utatur.

290 3367 488 3433 Domitianus
516 3366 599 3449 leges
629 3367 703 3432 olim
733 3373 843 3432 contra
871 3367 1018 3432 libidines
1050 3375 1081 3433 et
1109 3367 1269 3432 lasciviam
1302 3370 1394 3446 latas,

183 3473 235 3538 sed
259 3473 414 3556 paulatim
438 3474 594 3538 oblivione
625 3474 765 3549 obrutas,
795 3473 898 3539 denuo
927 3473 961 3538 in
991 3475 1090 3538 lucem
1113 3474 1257 3549 retraxit,
1285 3475 1392 3556 eisque

184 3581 271 3644 nisus
311 3601 382 3644 cunr
416 3580 500 3644 uiros
539 3587 606 3644 tum
635 3579 766 3644 feminas
805 3579 938 3662 punivit.
984 3580 1099 3662 Legem
1129 3578 1325 3645 Scantiniam
1353 3579 1392 3644 de

289 3867 299 3897 ¹
318 3863 358 3915 nd
377 3862 423 3916 Vl.
445 3863 502 3916 116.
522 3863 599 3915 claris
618 3862 702 3914 vorbis
721 3862 795 3915 dicit:
816 3861 896 3938 tHaeo
913 3861 957 3928 (sc.
977 3861 1126 3928 Messalina)
1144 3864 1192 3929 est,
1211 3861 1242 3914 de
1261 3876 1312 3929 qua
1330 3861 1394 3914 dicit

181 3955 216 4027 Ket
233 3955 325 4018 patruo
344 3951 442 4004 similes
461 3951 603 4003 effunderet
614 3943 704 4003 offas?
735 3949 895 4003 Scholiastae
908 3965 979 4002 error
999 3965 1029 4002 ao
1042 3952 1114 4002 ortus
1126 3948 1230 4002 videtur
1242 3965 1306 4018 esse,
1325 3947 1393 4016 quod

181 4039 307 4092 Claudius
326 4039 506 4106 Agrippinam,
524 4038 614 4091 fratris
632 4038 723 4104 filiam,
741 4039 767 4090 in
781 4039 974 4090 matrimonium
989 4037 1075 4103 durit3
1095 4037 1205 4092 fortasse
1218 4037 1296 4090 etiam
1310 4036 1392 4103 signi-

183 4128 254 4181 ficari
282 4127 422 4180 scholiasta
450 4126 561 4194 pertubat
593 4127 638 4178 illo
666 4127 773 4201 (similes
802 4131 895 4193 patruo
920 4118 993 4178 offas'
1018 4124 1121 4178 Claudii
1145 4125 1256 4192 figuram
1286 4141 1392 4192 pravam

184 4217 236 4269 cn.
256 4215 320 4268 Suet
346 4217 391 4269 vit
412 4215 504 4270 Claud.
524 4217 566 4270 30.
