<?xml version="1.0" encoding="UTF-8"?>
<!DOCTYPE html PUBLIC "-//W3C//DTD XHTML 1.0 Transitional//EN"
    "http://www.w3.org/TR/xhtml1/DTD/xhtml1-transitional.dtd">
<html xmlns="http://www.w3.org/1999/xhtml" xml:lang="en" lang="en">
 <head>
  <title>
</title>
<meta http-equiv="Content-Type" content="text/html;charset=utf-8" />
  <meta name='ocr-system' content='tesseract 3.04.00' />
  <meta name='ocr-capabilities' content='ocr_page ocr_carea ocr_par ocr_line ocrx_word'/>
</head>
<body>
  <div class='ocr_page' id='page_1' title='image "./quaestionesjuve00niesgoog_0010.png"; bbox 0 0 3266 4902; ppageno 0'>
   <div class='ocr_carea' id='block_1_1' title="bbox 33 1159 40 1238">
    <p class='ocr_par' dir='ltr' id='par_1_1' title="bbox 33 1159 40 1238">
     <span class='ocr_line' id='line_1_1' title="bbox 33 1159 40 1238; baseline 0 0"><span class='ocrx_word' id='word_1_1' title='bbox 33 1159 40 1238; x_wconf 87' lang='lat' dir='ltr'><strong>l</strong></span> 
     </span>
    </p>
   </div>
   <div class='ocr_carea' id='block_1_2' title="bbox 143 1178 1381 2559">
    <p class='ocr_par' dir='ltr' id='par_1_2' title="bbox 143 1178 1381 2559">
     <span class='ocr_line' id='line_1_2' title="bbox 247 1178 1353 1292; baseline -0.006 -15"><span class='ocrx_word' id='word_1_2' title='bbox 247 1178 318 1278; x_wconf 83' lang='lat' dir='ltr'><strong>Ad</strong></span> <span class='ocrx_word' id='word_1_3' title='bbox 333 1209 568 1292; x_wconf 85' lang='lat' dir='ltr'><strong>investigandos</strong></span> <span class='ocrx_word' id='word_1_4' title='bbox 580 1209 674 1292; x_wconf 93' lang='lat' dir='ltr'><strong>primi</strong></span> <span class='ocrx_word' id='word_1_5' title='bbox 686 1215 757 1291; x_wconf 89' lang='lat' dir='ltr'><strong>post</strong></span> <span class='ocrx_word' id='word_1_6' title='bbox 770 1194 885 1274; x_wconf 54' lang='lat' dir='ltr'><strong>Chrssn.</strong></span> <span class='ocrx_word' id='word_1_7' title='bbox 899 1207 1015 1272; x_wconf 90' lang='lat' dir='ltr'><strong>sacculi</strong></span> <span class='ocrx_word' id='word_1_8' title='bbox 1027 1227 1128 1272; x_wconf 86' lang='lat' dir='ltr'><strong>mores</strong></span> <span class='ocrx_word' id='word_1_9' title='bbox 1140 1207 1353 1271; x_wconf 84' lang='lat' dir='ltr'><strong>Romanorum</strong></span> 
     </span>
     <span class='ocr_line' id='line_1_3' title="bbox 143 1311 1356 1400; baseline -0.005 -19"><span class='ocrx_word' id='word_1_10' title='bbox 143 1317 301 1398; x_wconf 87' lang='lat' dir='ltr'><strong>ingentem</strong></span> <span class='ocrx_word' id='word_1_11' title='bbox 323 1315 414 1380; x_wconf 90' lang='lat' dir='ltr'><strong>nobis</strong></span> <span class='ocrx_word' id='word_1_12' title='bbox 444 1315 624 1400; x_wconf 88' lang='lat' dir='ltr'><strong>suppeditat</strong></span> <span class='ocrx_word' id='word_1_13' title='bbox 646 1315 810 1380; x_wconf 80' lang='lat' dir='ltr'><strong>materiam</strong></span> <span class='ocrx_word' id='word_1_14' title='bbox 834 1313 999 1378; x_wconf 91' lang='lat' dir='ltr'><strong>luvenalis.</strong></span> <span class='ocrx_word' id='word_1_15' title='bbox 1044 1312 1125 1377; x_wconf 89' lang='lat' dir='ltr'><strong>Nam</strong></span> <span class='ocrx_word' id='word_1_16' title='bbox 1149 1313 1267 1376; x_wconf 88' lang='lat' dir='ltr'><strong>nullam</strong></span> <span class='ocrx_word' id='word_1_17' title='bbox 1291 1311 1356 1376; x_wconf 83' lang='lat' dir='ltr'><strong>fere</strong></span> 
     </span>
     <span class='ocr_line' id='line_1_4' title="bbox 143 1409 1354 1506; baseline -0.004 -20"><span class='ocrx_word' id='word_1_18' title='bbox 143 1409 232 1500; x_wconf 86' lang='lat' dir='ltr'><strong>rem,¹</strong></span> <span class='ocrx_word' id='word_1_19' title='bbox 248 1423 312 1487; x_wconf 85' lang='lat' dir='ltr'><strong>sive</strong></span> <span class='ocrx_word' id='word_1_20' title='bbox 341 1423 482 1506; x_wconf 89' lang='lat' dir='ltr'><strong>privatas</strong></span> <span class='ocrx_word' id='word_1_21' title='bbox 505 1427 638 1503; x_wconf 72' lang='lat' dir='ltr'><strong>spectac,</strong></span> <span class='ocrx_word' id='word_1_22' title='bbox 668 1421 732 1484; x_wconf 87' lang='lat' dir='ltr'><strong>sive</strong></span> <span class='ocrx_word' id='word_1_23' title='bbox 754 1420 907 1501; x_wconf 87' lang='lat' dir='ltr'><strong>publicas,</strong></span> <span class='ocrx_word' id='word_1_24' title='bbox 938 1440 1002 1483; x_wconf 92' lang='lat' dir='ltr'><strong>ncn</strong></span> <span class='ocrx_word' id='word_1_25' title='bbox 1025 1419 1139 1500; x_wconf 87' lang='lat' dir='ltr'><strong>tangit,</strong></span> <span class='ocrx_word' id='word_1_26' title='bbox 1162 1439 1354 1502; x_wconf 86' lang='lat' dir='ltr'><strong>quamquam</strong></span> 
     </span>
     <span class='ocr_line' id='line_1_5' title="bbox 143 1524 1354 1610; baseline -0.004 -18"><span class='ocrx_word' id='word_1_27' title='bbox 143 1528 300 1592; x_wconf 81' lang='lat' dir='ltr'><strong>malitiose</strong></span> <span class='ocrx_word' id='word_1_28' title='bbox 329 1529 514 1610; x_wconf 90' lang='lat' dir='ltr'><strong>plerumque</strong></span> <span class='ocrx_word' id='word_1_29' title='bbox 544 1532 575 1591; x_wconf 89' lang='lat' dir='ltr'><strong>et</strong></span> <span class='ocrx_word' id='word_1_30' title='bbox 604 1525 765 1590; x_wconf 78' lang='lat' dir='ltr'><strong>venenatis</strong></span> <span class='ocrx_word' id='word_1_31' title='bbox 795 1525 908 1590; x_wconf 79' lang='lat' dir='ltr'><strong>verbis,</strong></span> <span class='ocrx_word' id='word_1_32' title='bbox 954 1525 1063 1606; x_wconf 87' lang='lat' dir='ltr'><strong>Neque</strong></span> <span class='ocrx_word' id='word_1_33' title='bbox 1086 1525 1219 1602; x_wconf 87' lang='lat' dir='ltr'><strong>strictim</strong></span> <span class='ocrx_word' id='word_1_34' title='bbox 1243 1524 1354 1588; x_wconf 88' lang='lat' dir='ltr'><strong>adum-</strong></span> 
     </span>
     <span class='ocr_line' id='line_1_6' title="bbox 145 1629 1355 1708; baseline -0.005 -10"><span class='ocrx_word' id='word_1_35' title='bbox 145 1635 284 1698; x_wconf 85' lang='lat' dir='ltr'><strong>bravisse</strong></span> <span class='ocrx_word' id='word_1_36' title='bbox 306 1634 498 1697; x_wconf 89' lang='lat' dir='ltr'><strong>lineamenta</strong></span> <span class='ocrx_word' id='word_1_37' title='bbox 517 1631 594 1696; x_wconf 88' lang='lat' dir='ltr'><strong>satis</strong></span> <span class='ocrx_word' id='word_1_38' title='bbox 606 1630 715 1708; x_wconf 83' lang='lat' dir='ltr'><strong>habet3</strong></span> <span class='ocrx_word' id='word_1_39' title='bbox 739 1630 804 1707; x_wconf 87' lang='lat' dir='ltr'><strong>sed,</strong></span> <span class='ocrx_word' id='word_1_40' title='bbox 826 1636 862 1695; x_wconf 93' lang='lat' dir='ltr'><strong>ut</strong></span> <span class='ocrx_word' id='word_1_41' title='bbox 874 1636 921 1694; x_wconf 90' lang='lat' dir='ltr'><strong>est</strong></span> <span class='ocrx_word' id='word_1_42' title='bbox 934 1629 1059 1694; x_wconf 86' lang='lat' dir='ltr'><strong>subtilis</strong></span> <span class='ocrx_word' id='word_1_43' title='bbox 1075 1629 1238 1694; x_wconf 89' lang='lat' dir='ltr'><strong>hominum</strong></span> <span class='ocrx_word' id='word_1_44' title='bbox 1250 1630 1355 1704; x_wconf 86' lang='lat' dir='ltr'><strong>iudex,</strong></span> 
     </span>
     <span class='ocr_line' id='line_1_7' title="bbox 144 1736 1355 1820; baseline -0.002 -17"><span class='ocrx_word' id='word_1_45' title='bbox 144 1745 325 1803; x_wconf 80' lang='lat' dir='ltr'><strong>accuratam</strong></span> <span class='ocrx_word' id='word_1_46' title='bbox 348 1737 506 1813; x_wconf 86' lang='lat' dir='ltr'><strong>vitiorum,</strong></span> <span class='ocrx_word' id='word_1_47' title='bbox 528 1737 751 1820; x_wconf 82' lang='lat' dir='ltr'><strong>nequitiarum,</strong></span> <span class='ocrx_word' id='word_1_48' title='bbox 782 1738 943 1812; x_wconf 87' lang='lat' dir='ltr'><strong>scelerum,</strong></span> <span class='ocrx_word' id='word_1_49' title='bbox 971 1736 1075 1800; x_wconf 86' lang='lat' dir='ltr'><strong>rarius</strong></span> <span class='ocrx_word' id='word_1_50' title='bbox 1098 1736 1251 1800; x_wconf 89' lang='lat' dir='ltr'><strong>virtutum</strong></span> <span class='ocrx_word' id='word_1_51' title='bbox 1275 1736 1355 1800; x_wconf 90' lang='lat' dir='ltr'><strong>ima-</strong></span> 
     </span>
     <span class='ocr_line' id='line_1_8' title="bbox 145 1841 1358 1928; baseline -0.001 -21"><span class='ocrx_word' id='word_1_52' title='bbox 145 1843 429 1928; x_wconf 64' lang='lat' dir='ltr'><strong>ginemsdepingit.</strong></span> <span class='ocrx_word' id='word_1_53' title='bbox 474 1843 534 1908; x_wconf 90' lang='lat' dir='ltr'><strong>Per</strong></span> <span class='ocrx_word' id='word_1_54' title='bbox 567 1843 701 1907; x_wconf 88' lang='lat' dir='ltr'><strong>divitum</strong></span> <span class='ocrx_word' id='word_1_55' title='bbox 734 1843 828 1908; x_wconf 88' lang='lat' dir='ltr'><strong>aedes</strong></span> <span class='ocrx_word' id='word_1_56' title='bbox 862 1841 1127 1906; x_wconf 88' lang='lat' dir='ltr'><strong>circumducimur</strong></span> <span class='ocrx_word' id='word_1_57' title='bbox 1156 1843 1296 1922; x_wconf 89' lang='lat' dir='ltr'><strong>legentes</strong></span> <span class='ocrx_word' id='word_1_58' title='bbox 1327 1847 1358 1906; x_wconf 90' lang='lat' dir='ltr'><strong>et</strong></span> 
     </span>
     <span class='ocr_line' id='line_1_9' title="bbox 145 1946 1357 2025; baseline -0.002 -13"><span class='ocrx_word' id='word_1_59' title='bbox 145 1949 358 2014; x_wconf 83' lang='lat' dir='ltr'><strong>famelicorum</strong></span> <span class='ocrx_word' id='word_1_60' title='bbox 392 1947 556 2025; x_wconf 86' lang='lat' dir='ltr'><strong>tabernas3</strong></span> <span class='ocrx_word' id='word_1_61' title='bbox 590 1970 663 2012; x_wconf 86' lang='lat' dir='ltr'><strong>mox</strong></span> <span class='ocrx_word' id='word_1_62' title='bbox 697 1948 730 2012; x_wconf 90' lang='lat' dir='ltr'><strong>iu</strong></span> <span class='ocrx_word' id='word_1_63' title='bbox 764 1969 860 2012; x_wconf 87' lang='lat' dir='ltr'><strong>rauce</strong></span> <span class='ocrx_word' id='word_1_64' title='bbox 894 1948 977 2012; x_wconf 89' lang='lat' dir='ltr'><strong>circo</strong></span> <span class='ocrx_word' id='word_1_65' title='bbox 1011 1969 1185 2024; x_wconf 87' lang='lat' dir='ltr'><strong>versamur,</strong></span> <span class='ocrx_word' id='word_1_66' title='bbox 1219 1968 1293 2011; x_wconf 83' lang='lat' dir='ltr'><strong>mcx</strong></span> <span class='ocrx_word' id='word_1_67' title='bbox 1323 1946 1357 2010; x_wconf 92' lang='lat' dir='ltr'><strong>in</strong></span> 
     </span>
     <span class='ocr_line' id='line_1_10' title="bbox 145 2049 1381 2138; baseline -0.001 -20"><span class='ocrx_word' id='word_1_68' title='bbox 145 2055 271 2138; x_wconf 88' lang='lat' dir='ltr'><strong>templis</strong></span> <span class='ocrx_word' id='word_1_69' title='bbox 302 2054 431 2119; x_wconf 87' lang='lat' dir='ltr'><strong>lascivia</strong></span> <span class='ocrx_word' id='word_1_70' title='bbox 460 2053 634 2130; x_wconf 87' lang='lat' dir='ltr'><strong>temeratis;</strong></span> <span class='ocrx_word' id='word_1_71' title='bbox 665 2054 796 2118; x_wconf 86' lang='lat' dir='ltr'><strong>feminas</strong></span> <span class='ocrx_word' id='word_1_72' title='bbox 828 2054 911 2118; x_wconf 88' lang='lat' dir='ltr'><strong>iuter</strong></span> <span class='ocrx_word' id='word_1_73' title='bbox 944 2055 1098 2136; x_wconf 88' lang='lat' dir='ltr'><strong>pectinem</strong></span> <span class='ocrx_word' id='word_1_74' title='bbox 1132 2049 1381 2136; x_wconf 83' lang='lat' dir='ltr'><strong>speculumque</strong></span> 
     </span>
     <span class='ocr_line' id='line_1_11' title="bbox 146 2158 1356 2242; baseline -0.002 -18"><span class='ocrx_word' id='word_1_75' title='bbox 146 2166 314 2242; x_wconf 88' lang='lat' dir='ltr'><strong>occupatas</strong></span> <span class='ocrx_word' id='word_1_76' title='bbox 342 2161 505 2224; x_wconf 87' lang='lat' dir='ltr'><strong>visitamus</strong></span> <span class='ocrx_word' id='word_1_77' title='bbox 534 2165 565 2224; x_wconf 92' lang='lat' dir='ltr'><strong>et</strong></span> <span class='ocrx_word' id='word_1_78' title='bbox 595 2159 716 2223; x_wconf 87' lang='lat' dir='ltr'><strong>nobiles</strong></span> <span class='ocrx_word' id='word_1_79' title='bbox 743 2159 780 2222; x_wconf 90' lang='lat' dir='ltr'><strong>in</strong></span> <span class='ocrx_word' id='word_1_80' title='bbox 804 2158 995 2223; x_wconf 85' lang='lat' dir='ltr'><strong>deverticulo</strong></span> <span class='ocrx_word' id='word_1_81' title='bbox 1024 2159 1127 2224; x_wconf 88' lang='lat' dir='ltr'><strong>calido</strong></span> <span class='ocrx_word' id='word_1_82' title='bbox 1150 2159 1356 2234; x_wconf 85' lang='lat' dir='ltr'><strong>temulentos;</strong></span> 
     </span>
     <span class='ocr_line' id='line_1_12' title="bbox 146 2263 1356 2349; baseline -0.002 -19"><span class='ocrx_word' id='word_1_83' title='bbox 146 2267 227 2330; x_wconf 84' lang='lat' dir='ltr'><strong>nihil</strong></span> <span class='ocrx_word' id='word_1_84' title='bbox 243 2266 387 2348; x_wconf 90' lang='lat' dir='ltr'><strong>deniqne,</strong></span> <span class='ocrx_word' id='word_1_85' title='bbox 410 2265 564 2349; x_wconf 90' lang='lat' dir='ltr'><strong>quidquid</strong></span> <span class='ocrx_word' id='word_1_86' title='bbox 580 2273 645 2331; x_wconf 92' lang='lat' dir='ltr'><strong>tum</strong></span> <span class='ocrx_word' id='word_1_87' title='bbox 664 2265 697 2328; x_wconf 97' lang='lat' dir='ltr'><strong>in</strong></span> <span class='ocrx_word' id='word_1_88' title='bbox 713 2286 746 2329; x_wconf 92' lang='lat' dir='ltr'><strong>se</strong></span> <span class='ocrx_word' id='word_1_89' title='bbox 761 2263 951 2329; x_wconf 85' lang='lat' dir='ltr'><strong>admittebat</strong></span> <span class='ocrx_word' id='word_1_90' title='bbox 966 2265 1197 2348; x_wconf 87' lang='lat' dir='ltr'><strong>perditissimus</strong></span> <span class='ocrx_word' id='word_1_91' title='bbox 1214 2263 1356 2347; x_wconf 89' lang='lat' dir='ltr'><strong>quisque,</strong></span> 
     </span>
     <span class='ocr_line' id='line_1_13' title="bbox 146 2370 1356 2454; baseline -0.002 -18"><span class='ocrx_word' id='word_1_92' title='bbox 146 2371 293 2436; x_wconf 88' lang='lat' dir='ltr'><strong>celamur.</strong></span> <span class='ocrx_word' id='word_1_93' title='bbox 338 2372 381 2435; x_wconf 81' lang='lat' dir='ltr'><strong>Et</strong></span> <span class='ocrx_word' id='word_1_94' title='bbox 402 2371 618 2454; x_wconf 83' lang='lat' dir='ltr'><strong>pinguissimis</strong></span> <span class='ocrx_word' id='word_1_95' title='bbox 640 2371 799 2435; x_wconf 87' lang='lat' dir='ltr'><strong>coloribus</strong></span> <span class='ocrx_word' id='word_1_96' title='bbox 815 2371 862 2436; x_wconf 89' lang='lat' dir='ltr'><strong>uti</strong></span> <span class='ocrx_word' id='word_1_97' title='bbox 877 2377 1012 2454; x_wconf 89' lang='lat' dir='ltr'><strong>poetam,</strong></span> <span class='ocrx_word' id='word_1_98' title='bbox 1036 2370 1215 2453; x_wconf 90' lang='lat' dir='ltr'><strong>quicunque</strong></span> <span class='ocrx_word' id='word_1_99' title='bbox 1231 2376 1356 2434; x_wconf 87' lang='lat' dir='ltr'><strong>saturas</strong></span> 
     </span>
     <span class='ocr_line' id='line_1_14' title="bbox 147 2475 1358 2559; baseline -0.002 -19"><span class='ocrx_word' id='word_1_100' title='bbox 147 2478 214 2541; x_wconf 90' lang='lat' dir='ltr'><strong>eius</strong></span> <span class='ocrx_word' id='word_1_101' title='bbox 236 2478 285 2542; x_wconf 87' lang='lat' dir='ltr'><strong>vel</strong></span> <span class='ocrx_word' id='word_1_102' title='bbox 307 2476 424 2541; x_wconf 88' lang='lat' dir='ltr'><strong>cursim</strong></span> <span class='ocrx_word' id='word_1_103' title='bbox 446 2477 625 2559; x_wconf 87' lang='lat' dir='ltr'><strong>perlegerit,</strong></span> <span class='ocrx_word' id='word_1_104' title='bbox 646 2476 739 2542; x_wconf 88' lang='lat' dir='ltr'><strong>facile</strong></span> <span class='ocrx_word' id='word_1_105' title='bbox 762 2477 888 2542; x_wconf 89' lang='lat' dir='ltr'><strong>videbit.</strong></span> <span class='ocrx_word' id='word_1_106' title='bbox 935 2477 1048 2558; x_wconf 89' lang='lat' dir='ltr'><strong>ltaque</strong></span> <span class='ocrx_word' id='word_1_107' title='bbox 1068 2498 1106 2541; x_wconf 89' lang='lat' dir='ltr'><strong>ex</strong></span> <span class='ocrx_word' id='word_1_108' title='bbox 1122 2475 1268 2540; x_wconf 89' lang='lat' dir='ltr'><strong>omnibus</strong></span> <span class='ocrx_word' id='word_1_109' title='bbox 1284 2497 1358 2558; x_wconf 93' lang='lat' dir='ltr'><strong>par-</strong></span> 
     </span>
    </p>
   </div>
   <div class='ocr_carea' id='block_1_3' title="bbox 60 2581 1358 2664">
    <p class='ocr_par' dir='ltr' id='par_1_3' title="bbox 60 2581 1358 2664">
     <span class='ocr_line' id='line_1_15' title="bbox 60 2581 1358 2664; baseline -0.002 -17"><span class='ocrx_word' id='word_1_110' title='bbox 60 2637 65 2647; x_wconf 90' lang='lat'><em>.</em></span> <span class='ocrx_word' id='word_1_111' title='bbox 146 2583 231 2647; x_wconf 86' lang='lat' dir='ltr'><strong>tibus</strong></span> <span class='ocrx_word' id='word_1_112' title='bbox 253 2583 370 2647; x_wconf 88' lang='lat' dir='ltr'><strong>iustam</strong></span> <span class='ocrx_word' id='word_1_113' title='bbox 392 2582 479 2646; x_wconf 89' lang='lat' dir='ltr'><strong>illius</strong></span> <span class='ocrx_word' id='word_1_114' title='bbox 506 2583 656 2664; x_wconf 87' lang='lat' dir='ltr'><strong>temporis</strong></span> <span class='ocrx_word' id='word_1_115' title='bbox 689 2581 825 2664; x_wconf 85' lang='lat' dir='ltr'><strong>effigiem</strong></span> <span class='ocrx_word' id='word_1_116' title='bbox 853 2603 891 2646; x_wconf 90' lang='lat' dir='ltr'><strong>ex</strong></span> <span class='ocrx_word' id='word_1_117' title='bbox 921 2581 1069 2647; x_wconf 88' lang='lat' dir='ltr'><strong>Iuvenale</strong></span> <span class='ocrx_word' id='word_1_118' title='bbox 1097 2581 1272 2664; x_wconf 85' lang='lat' dir='ltr'><strong>exprimere</strong></span> <span class='ocrx_word' id='word_1_119' title='bbox 1294 2603 1358 2644; x_wconf 91' lang='lat' dir='ltr'><strong>uon</strong></span> 
     </span>
    </p>
   </div>
   <div class='ocr_carea' id='block_1_4' title="bbox 146 2685 1360 3524">
    <p class='ocr_par' dir='ltr' id='par_1_4' title="bbox 146 2685 1360 3524">
     <span class='ocr_line' id='line_1_16' title="bbox 146 2685 1358 2772; baseline -0.002 -19"><span class='ocrx_word' id='word_1_120' title='bbox 146 2709 327 2772; x_wconf 85' lang='lat' dir='ltr'><strong>possumus;</strong></span> <span class='ocrx_word' id='word_1_121' title='bbox 362 2708 463 2770; x_wconf 87' lang='lat' dir='ltr'><strong>neque</strong></span> <span class='ocrx_word' id='word_1_122' title='bbox 491 2687 622 2766; x_wconf 87' lang='lat' dir='ltr'><strong>mirum,</strong></span> <span class='ocrx_word' id='word_1_123' title='bbox 652 2688 737 2769; x_wconf 89' lang='lat' dir='ltr'><strong>quod</strong></span> <span class='ocrx_word' id='word_1_124' title='bbox 767 2693 883 2753; x_wconf 90' lang='lat' dir='ltr'><strong>temere</strong></span> <span class='ocrx_word' id='word_1_125' title='bbox 913 2687 942 2751; x_wconf 93' lang='lat' dir='ltr'><strong>ei</strong></span> <span class='ocrx_word' id='word_1_126' title='bbox 959 2686 1090 2765; x_wconf 14' lang='lat' dir='ltr'><strong>*habere</strong></span> <span class='ocrx_word' id='word_1_127' title='bbox 1118 2685 1212 2752; x_wconf 88' lang='lat' dir='ltr'><strong>fidem</strong></span> <span class='ocrx_word' id='word_1_128' title='bbox 1236 2686 1295 2751; x_wconf 88' lang='lat' dir='ltr'><strong>viri</strong></span> <span class='ocrx_word' id='word_1_129' title='bbox 1325 2687 1358 2750; x_wconf 91' lang='lat' dir='ltr'><strong>in</strong></span> 
     </span>
     <span class='ocr_line' id='line_1_17' title="bbox 147 2775 1359 2876; baseline -0.002 -17"><span class='ocrx_word' id='word_1_130' title='bbox 147 2793 391 2876; x_wconf 88' lang='lat' dir='ltr'><strong>antiquitatibus</strong></span> <span class='ocrx_word' id='word_1_131' title='bbox 426 2782 638 2858; x_wconf 86' lang='lat' dir='ltr'><strong>Romanorum</strong></span> <span class='ocrx_word' id='word_1_132' title='bbox 672 2799 832 2858; x_wconf 85' lang='lat' dir='ltr'><strong>versantes</strong></span> <span class='ocrx_word' id='word_1_133' title='bbox 865 2792 1041 2858; x_wconf 64' lang='lat' dir='ltr'><strong>dubitant:</strong></span> <span class='ocrx_word' id='word_1_134' title='bbox 1071 2793 1194 2875; x_wconf 83' lang='lat' dir='ltr'><strong>neglegi</strong></span> <span class='ocrx_word' id='word_1_135' title='bbox 1228 2775 1359 2876; x_wconf 85' lang='lat' dir='ltr'><strong>propter</strong></span> 
     </span>
     <span class='ocr_line' id='line_1_18' title="bbox 147 2899 1359 2982; baseline -0.002 -18"><span class='ocrx_word' id='word_1_136' title='bbox 147 2900 324 2965; x_wconf 90' lang='lat' dir='ltr'><strong>ubertatem</strong></span> <span class='ocrx_word' id='word_1_137' title='bbox 353 2899 505 2965; x_wconf 84' lang='lat' dir='ltr'><strong>materiae</strong></span> <span class='ocrx_word' id='word_1_138' title='bbox 534 2900 652 2982; x_wconf 89' lang='lat' dir='ltr'><strong>nequit,</strong></span> <span class='ocrx_word' id='word_1_139' title='bbox 683 2906 795 2964; x_wconf 87' lang='lat' dir='ltr'><strong>auctor</strong></span> <span class='ocrx_word' id='word_1_140' title='bbox 824 2905 929 2964; x_wconf 89' lang='lat' dir='ltr'><strong>tamen</strong></span> <span class='ocrx_word' id='word_1_141' title='bbox 959 2899 1120 2982; x_wconf 89' lang='lat' dir='ltr'><strong>plerisque</strong></span> <span class='ocrx_word' id='word_1_142' title='bbox 1147 2899 1359 2964; x_wconf 88' lang='lat' dir='ltr'><strong>videturesse</strong></span> 
     </span>
     <span class='ocr_line' id='line_1_19' title="bbox 147 3003 1359 3089; baseline -0.002 -19"><span class='ocrx_word' id='word_1_143' title='bbox 147 3027 261 3089; x_wconf 89' lang='lat' dir='ltr'><strong>parurn</strong></span> <span class='ocrx_word' id='word_1_144' title='bbox 292 3005 448 3070; x_wconf 82' lang='lat' dir='ltr'><strong>idoneus¹</strong></span> <span class='ocrx_word' id='word_1_145' title='bbox 500 3005 547 3069; x_wconf 92' lang='lat' dir='ltr'><strong>De</strong></span> <span class='ocrx_word' id='word_1_146' title='bbox 579 3026 693 3088; x_wconf 86' lang='lat' dir='ltr'><strong>magne</strong></span> <span class='ocrx_word' id='word_1_147' title='bbox 728 3005 827 3087; x_wconf 90' lang='lat' dir='ltr'><strong>igitur</strong></span> <span class='ocrx_word' id='word_1_148' title='bbox 859 3003 990 3069; x_wconf 89' lang='lat' dir='ltr'><strong>flumine</strong></span> <span class='ocrx_word' id='word_1_149' title='bbox 1018 3005 1188 3088; x_wconf 89' lang='lat' dir='ltr'><strong>sumpturi,</strong></span> <span class='ocrx_word' id='word_1_150' title='bbox 1222 3026 1261 3069; x_wconf 91' lang='lat' dir='ltr'><strong>ue</strong></span> <span class='ocrx_word' id='word_1_151' title='bbox 1283 3005 1359 3068; x_wconf 89' lang='lat' dir='ltr'><strong>lime</strong></span> 
     </span>
     <span class='ocr_line' id='line_1_20' title="bbox 148 3107 1359 3193; baseline 0 -19"><span class='ocrx_word' id='word_1_152' title='bbox 148 3107 310 3174; x_wconf 85' lang='lat' dir='ltr'><strong>turbatam</strong></span> <span class='ocrx_word' id='word_1_153' title='bbox 321 3109 506 3174; x_wconf 87' lang='lat' dir='ltr'><strong>hauriamus</strong></span> <span class='ocrx_word' id='word_1_154' title='bbox 517 3132 642 3192; x_wconf 91' lang='lat' dir='ltr'><strong>aquam,</strong></span> <span class='ocrx_word' id='word_1_155' title='bbox 658 3112 832 3175; x_wconf 88' lang='lat' dir='ltr'><strong>metuimus.</strong></span> <span class='ocrx_word' id='word_1_156' title='bbox 872 3109 976 3186; x_wconf 84' lang='lat' dir='ltr'><strong>Quare</strong></span> <span class='ocrx_word' id='word_1_157' title='bbox 991 3109 1078 3175; x_wconf 91' lang='lat' dir='ltr'><strong>haud</strong></span> <span class='ocrx_word' id='word_1_158' title='bbox 1094 3130 1359 3193; x_wconf 86' lang='lat' dir='ltr'><strong>supervacaneum</strong></span> 
     </span>
     <span class='ocr_line' id='line_1_21' title="bbox 149 3214 1360 3299; baseline 0.002 -20"><span class='ocrx_word' id='word_1_159' title='bbox 149 3235 216 3279; x_wconf 88' lang='lat' dir='ltr'><strong>esse</strong></span> <span class='ocrx_word' id='word_1_160' title='bbox 238 3215 351 3299; x_wconf 84' lang='lat' dir='ltr'><strong>cpian</strong></span> <span class='ocrx_word' id='word_1_161' title='bbox 373 3214 529 3279; x_wconf 89' lang='lat' dir='ltr'><strong>industrie</strong></span> <span class='ocrx_word' id='word_1_162' title='bbox 551 3220 582 3279; x_wconf 91' lang='lat' dir='ltr'><strong>et</strong></span> <span class='ocrx_word' id='word_1_163' title='bbox 605 3215 773 3296; x_wconf 84' lang='lat' dir='ltr'><strong>diligenter</strong></span> <span class='ocrx_word' id='word_1_164' title='bbox 795 3215 961 3280; x_wconf 86' lang='lat' dir='ltr'><strong>instituere</strong></span> <span class='ocrx_word' id='word_1_165' title='bbox 991 3214 1030 3279; x_wconf 90' lang='lat' dir='ltr'><strong>de</strong></span> <span class='ocrx_word' id='word_1_166' title='bbox 1058 3215 1215 3280; x_wconf 88' lang='lat' dir='ltr'><strong>Iuvenalis</strong></span> <span class='ocrx_word' id='word_1_167' title='bbox 1243 3215 1306 3280; x_wconf 91' lang='lat' dir='ltr'><strong>fide</strong></span> <span class='ocrx_word' id='word_1_168' title='bbox 1323 3225 1360 3281; x_wconf 86' lang='lat' dir='ltr'><strong>et</strong></span> 
     </span>
     <span class='ocr_line' id='line_1_22' title="bbox 148 3303 1360 3403; baseline 0 -17"><span class='ocrx_word' id='word_1_169' title='bbox 148 3321 338 3386; x_wconf 87' lang='lat' dir='ltr'><strong>auctoritate</strong></span> <span class='ocrx_word' id='word_1_170' title='bbox 361 3320 586 3403; x_wconf 89' lang='lat' dir='ltr'><strong>quaestionem.</strong></span> <span class='ocrx_word' id='word_1_171' title='bbox 634 3320 735 3397; x_wconf 85' lang='lat' dir='ltr'><strong>Quam</strong></span> <span class='ocrx_word' id='word_1_172' title='bbox 762 3321 823 3385; x_wconf 90' lang='lat' dir='ltr'><strong>hcc</strong></span> <span class='ocrx_word' id='word_1_173' title='bbox 850 3321 958 3386; x_wconf 89' lang='lat' dir='ltr'><strong>libello</strong></span> <span class='ocrx_word' id='word_1_174' title='bbox 982 3321 1023 3386; x_wconf 89' lang='lat' dir='ltr'><strong>ad</strong></span> <span class='ocrx_word' id='word_1_175' title='bbox 1046 3327 1166 3385; x_wconf 87' lang='lat' dir='ltr'><strong>certum</strong></span> <span class='ocrx_word' id='word_1_176' title='bbox 1194 3319 1287 3385; x_wconf 88' lang='lat' dir='ltr'><strong>finem</strong></span> <span class='ocrx_word' id='word_1_177' title='bbox 1310 3303 1360 3386; x_wconf 92' lang='lat' dir='ltr'><strong>me</strong></span> 
     </span>
     <span class='ocr_line' id='line_1_23' title="bbox 148 3415 1359 3524; baseline -0.001 -33"><span class='ocrx_word' id='word_1_178' title='bbox 148 3427 371 3511; x_wconf 88' lang='lat' dir='ltr'><strong>perducturum</strong></span> <span class='ocrx_word' id='word_1_179' title='bbox 396 3447 462 3491; x_wconf 87' lang='lat' dir='ltr'><strong>esse</strong></span> <span class='ocrx_word' id='word_1_180' title='bbox 485 3448 548 3493; x_wconf 89' lang='lat' dir='ltr'><strong>nou</strong></span> <span class='ocrx_word' id='word_1_181' title='bbox 572 3449 663 3511; x_wconf 88' lang='lat' dir='ltr'><strong>spero</strong></span> <span class='ocrx_word' id='word_1_182' title='bbox 687 3466 730 3473; x_wconf 86' lang='lat'>—</span> <span class='ocrx_word' id='word_1_183' title='bbox 754 3427 847 3524; x_wconf 80' lang='lat' dir='ltr'><strong>tunde</strong></span> <span class='ocrx_word' id='word_1_184' title='bbox 862 3426 1023 3510; x_wconf 90' lang='lat' dir='ltr'><strong>ingenium</strong></span> <span class='ocrx_word' id='word_1_185' title='bbox 1039 3448 1098 3510; x_wconf 89' lang='lat' dir='ltr'><strong>par</strong></span> <span class='ocrx_word' id='word_1_186' title='bbox 1113 3415 1301 3492; x_wconf 72' lang='lat' dir='ltr'><strong>materiael&#39;</strong></span> <span class='ocrx_word' id='word_1_187' title='bbox 1323 3465 1359 3474; x_wconf 82' lang='lat'>-</span> 
     </span>
    </p>
   </div>
   <div class='ocr_carea' id='block_1_5' title="bbox 148 3630 1362 4320">
    <p class='ocr_par' dir='ltr' id='par_1_5' title="bbox 148 3630 1362 4320">
     <span class='ocr_line' id='line_1_24' title="bbox 257 3630 1361 3712; baseline 0.004 -22"><span class='ocrx_word' id='word_1_188' title='bbox 257 3637 426 3690; x_wconf 85' lang='lat' dir='ltr'><strong>¹Bueclreler</strong></span> <span class='ocrx_word' id='word_1_189' title='bbox 449 3635 552 3705; x_wconf 89' lang='lat' dir='ltr'><strong>quidem</strong></span> <span class='ocrx_word' id='word_1_190' title='bbox 578 3635 790 3712; x_wconf 33' lang='lat' dir='ltr'><strong>(KPhilelcgische</strong></span> <span class='ocrx_word' id='word_1_191' title='bbox 814 3630 920 3706; x_wconf 80' lang='lat' dir='ltr'><strong>Kritilr‘,</strong></span> <span class='ocrx_word' id='word_1_192' title='bbox 949 3637 1158 3705; x_wconf 78' lang='lat' dir='ltr'><strong>Rectcratsrede‚</strong></span> <span class='ocrx_word' id='word_1_193' title='bbox 1184 3637 1257 3690; x_wconf 91' lang='lat' dir='ltr'><strong>Bonu</strong></span> <span class='ocrx_word' id='word_1_194' title='bbox 1283 3639 1361 3705; x_wconf 77' lang='lat'>1878,</span> 
     </span>
     <span class='ocr_line' id='line_1_25' title="bbox 148 3724 1361 3799; baseline -0.002 -19"><span class='ocrx_word' id='word_1_195' title='bbox 148 3743 209 3794; x_wconf 82' lang='lat' dir='ltr'><strong>pag.</strong></span> <span class='ocrx_word' id='word_1_196' title='bbox 228 3726 281 3792; x_wconf 81' lang='lat'>26.)</span> <span class='ocrx_word' id='word_1_197' title='bbox 300 3724 364 3778; x_wconf 86' lang='lat' dir='ltr'><strong>dicit</strong></span> <span class='ocrx_word' id='word_1_198' title='bbox 382 3724 456 3777; x_wconf 87' lang='lat' dir='ltr'><strong>hacc:</strong></span> <span class='ocrx_word' id='word_1_199' title='bbox 476 3724 590 3799; x_wconf 64' lang='lat' dir='ltr'><strong>KIuveual</strong></span> <span class='ocrx_word' id='word_1_200' title='bbox 603 3725 639 3776; x_wconf 89' lang='lat' dir='ltr'><strong>ist</strong></span> <span class='ocrx_word' id='word_1_201' title='bbox 651 3725 712 3778; x_wconf 87' lang='lat' dir='ltr'><strong>eben</strong></span> <span class='ocrx_word' id='word_1_202' title='bbox 728 3725 828 3778; x_wconf 79' lang='lat' dir='ltr'><strong>iiberall</strong></span> <span class='ocrx_word' id='word_1_203' title='bbox 842 3726 1014 3793; x_wconf 77' lang='lat' dir='ltr'><strong>Declamat0r‚</strong></span> <span class='ocrx_word' id='word_1_204' title='bbox 1033 3725 1078 3778; x_wconf 93' lang='lat' dir='ltr'><strong>der</strong></span> <span class='ocrx_word' id='word_1_205' title='bbox 1091 3725 1133 3778; x_wconf 89' lang='lat' dir='ltr'><strong>die</strong></span> <span class='ocrx_word' id='word_1_206' title='bbox 1152 3725 1275 3793; x_wconf 85' lang='lat' dir='ltr'><strong>grellateu</strong></span> <span class='ocrx_word' id='word_1_207' title='bbox 1290 3726 1361 3794; x_wconf 81' lang='lat' dir='ltr'><strong>Zttge</strong></span> 
     </span>
     <span class='ocr_line' id='line_1_26' title="bbox 150 3812 1359 3882; baseline -0.001 -16"><span class='ocrx_word' id='word_1_208' title='bbox 150 3831 197 3867; x_wconf 86' lang='lat' dir='ltr'><strong>aus</strong></span> <span class='ocrx_word' id='word_1_209' title='bbox 216 3813 327 3881; x_wconf 78' lang='lat' dir='ltr'><strong>Spitssen</strong></span> <span class='ocrx_word' id='word_1_210' title='bbox 352 3812 398 3865; x_wconf 88' lang='lat' dir='ltr'><strong>der</strong></span> <span class='ocrx_word' id='word_1_211' title='bbox 416 3813 662 3880; x_wconf 66' lang='lat' dir='ltr'><strong>epigrammatum,</strong></span> <span class='ocrx_word' id='word_1_212' title='bbox 687 3812 894 3882; x_wconf 86' lang='lat' dir='ltr'><strong>Strefpredigten</strong></span> <span class='ocrx_word' id='word_1_213' title='bbox 920 3813 965 3866; x_wconf 92' lang='lat' dir='ltr'><strong>der</strong></span> <span class='ocrx_word' id='word_1_214' title='bbox 983 3814 1143 3881; x_wconf 85' lang='lat' dir='ltr'><strong>Moralisteu,</strong></span> <span class='ocrx_word' id='word_1_215' title='bbox 1167 3829 1215 3866; x_wconf 83' lang='lat' dir='ltr'><strong>aus</strong></span> <span class='ocrx_word' id='word_1_216' title='bbox 1241 3813 1359 3866; x_wconf 82' lang='lat' dir='ltr'><strong>Bltchern</strong></span> 
     </span>
     <span class='ocr_line' id='line_1_27' title="bbox 150 3898 1362 3974; baseline 0 -20"><span class='ocrx_word' id='word_1_217' title='bbox 150 3901 204 3954; x_wconf 90' lang='lat' dir='ltr'><strong>und</strong></span> <span class='ocrx_word' id='word_1_218' title='bbox 223 3900 419 3954; x_wconf 85' lang='lat' dir='ltr'><strong>Schulueislreit</strong></span> <span class='ocrx_word' id='word_1_219' title='bbox 436 3898 524 3967; x_wconf 80' lang='lat' dir='ltr'><strong>withlt,</strong></span> <span class='ocrx_word' id='word_1_220' title='bbox 543 3899 616 3954; x_wconf 89' lang='lat' dir='ltr'><strong>nicht</strong></span> <span class='ocrx_word' id='word_1_221' title='bbox 633 3901 714 3954; x_wconf 84' lang='lat' dir='ltr'><strong>frisclr</strong></span> <span class='ocrx_word' id='word_1_222' title='bbox 733 3917 781 3954; x_wconf 84' lang='lat' dir='ltr'><strong>aus</strong></span> <span class='ocrx_word' id='word_1_223' title='bbox 800 3901 856 3955; x_wconf 90' lang='lat' dir='ltr'><strong>dem</strong></span> <span class='ocrx_word' id='word_1_224' title='bbox 871 3901 955 3954; x_wconf 89' lang='lat' dir='ltr'><strong>Lebeu</strong></span> <span class='ocrx_word' id='word_1_225' title='bbox 975 3902 1061 3970; x_wconf 55' lang='lat' dir='ltr'><strong>gretia</strong></span> <span class='ocrx_word' id='word_1_226' title='bbox 1081 3900 1137 3954; x_wconf 92' lang='lat' dir='ltr'><strong>dem</strong></span> <span class='ocrx_word' id='word_1_227' title='bbox 1158 3900 1203 3974; x_wconf 85' lang='lat' dir='ltr'><strong>der</strong></span> <span class='ocrx_word' id='word_1_228' title='bbox 1221 3901 1295 3969; x_wconf 81' lang='lat' dir='ltr'><strong>Zcru,</strong></span> <span class='ocrx_word' id='word_1_229' title='bbox 1314 3901 1362 3954; x_wconf 87' lang='lat' dir='ltr'><strong>der</strong></span> 
     </span>
     <span class='ocr_line' id='line_1_28' title="bbox 150 3987 1361 4058; baseline -0.002 -16"><span class='ocrx_word' id='word_1_230' title='bbox 150 3989 237 4042; x_wconf 87' lang='lat' dir='ltr'><strong>seiueu</strong></span> <span class='ocrx_word' id='word_1_231' title='bbox 257 3989 322 4041; x_wconf 86' lang='lat' dir='ltr'><strong>Vere</strong></span> <span class='ocrx_word' id='word_1_232' title='bbox 341 3988 429 4056; x_wconf 81' lang='lat' dir='ltr'><strong>sehul,</strong></span> <span class='ocrx_word' id='word_1_233' title='bbox 453 3987 526 4040; x_wconf 87' lang='lat' dir='ltr'><strong>nicht</strong></span> <span class='ocrx_word' id='word_1_234' title='bbox 544 4005 591 4041; x_wconf 85' lang='lat' dir='ltr'><strong>aus</strong></span> <span class='ocrx_word' id='word_1_235' title='bbox 610 3987 667 4042; x_wconf 89' lang='lat' dir='ltr'><strong>dem</strong></span> <span class='ocrx_word' id='word_1_236' title='bbox 689 3990 786 4042; x_wconf 86' lang='lat' dir='ltr'><strong>Herzeu</strong></span> <span class='ocrx_word' id='word_1_237' title='bbox 806 3990 898 4058; x_wconf 85' lang='lat' dir='ltr'><strong>quillt,</strong></span> <span class='ocrx_word' id='word_1_238' title='bbox 922 3989 1033 4042; x_wconf 84' lang='lat' dir='ltr'><strong>scudem</strong></span> <span class='ocrx_word' id='word_1_239' title='bbox 1058 3989 1093 4041; x_wconf 92' lang='lat' dir='ltr'><strong>im</strong></span> <span class='ocrx_word' id='word_1_240' title='bbox 1114 3989 1180 4041; x_wconf 84' lang='lat' dir='ltr'><strong>Hirr</strong></span> <span class='ocrx_word' id='word_1_241' title='bbox 1199 3989 1254 4040; x_wconf 87' lang='lat' dir='ltr'><strong>sich</strong></span> <span class='ocrx_word' id='word_1_242' title='bbox 1275 3989 1361 4052; x_wconf 76' lang='lat' dir='ltr'><strong>braut,</strong></span> 
     </span>
     <span class='ocr_line' id='line_1_29' title="bbox 150 4074 1360 4143; baseline -0.002 -13"><span class='ocrx_word' id='word_1_243' title='bbox 150 4077 196 4130; x_wconf 90' lang='lat' dir='ltr'><strong>der</strong></span> <span class='ocrx_word' id='word_1_244' title='bbox 214 4077 263 4129; x_wconf 90' lang='lat' dir='ltr'><strong>mit</strong></span> <span class='ocrx_word' id='word_1_245' title='bbox 280 4075 328 4128; x_wconf 89' lang='lat' dir='ltr'><strong>den</strong></span> <span class='ocrx_word' id='word_1_246' title='bbox 342 4076 449 4141; x_wconf 77' lang='lat' dir='ltr'><strong>Jahrem</strong></span> <span class='ocrx_word' id='word_1_247' title='bbox 465 4074 492 4143; x_wconf 87' lang='lat' dir='ltr'><strong>je</strong></span> <span class='ocrx_word' id='word_1_248' title='bbox 511 4075 584 4128; x_wconf 89' lang='lat' dir='ltr'><strong>mehr</strong></span> <span class='ocrx_word' id='word_1_249' title='bbox 602 4093 630 4128; x_wconf 87' lang='lat' dir='ltr'><strong>cr</strong></span> <span class='ocrx_word' id='word_1_250' title='bbox 648 4076 697 4129; x_wconf 89' lang='lat' dir='ltr'><strong>den</strong></span> <span class='ocrx_word' id='word_1_251' title='bbox 711 4076 824 4130; x_wconf 89' lang='lat' dir='ltr'><strong>Vorrath</strong></span> <span class='ocrx_word' id='word_1_252' title='bbox 844 4077 1076 4130; x_wconf 79' lang='lat' dir='ltr'><strong>aneldoteuuatter</strong></span> <span class='ocrx_word' id='word_1_253' title='bbox 1089 4075 1294 4129; x_wconf 85' lang='lat' dir='ltr'><strong>Geschiclrtchen</strong></span> <span class='ocrx_word' id='word_1_254' title='bbox 1308 4076 1360 4128; x_wconf 90' lang='lat' dir='ltr'><strong>und</strong></span> 
     </span>
     <span class='ocr_line' id='line_1_30' title="bbox 149 4163 1361 4230; baseline -0.001 -12"><span class='ocrx_word' id='word_1_255' title='bbox 149 4165 300 4218; x_wconf 87' lang='lat' dir='ltr'><strong>carikierter</strong></span> <span class='ocrx_word' id='word_1_256' title='bbox 323 4163 491 4217; x_wconf 86' lang='lat' dir='ltr'><strong>Sittcubildcr</strong></span> <span class='ocrx_word' id='word_1_257' title='bbox 515 4163 679 4229; x_wconf 62' lang='lat' dir='ltr'><strong>uuibmucht„</strong></span> <span class='ocrx_word' id='word_1_258' title='bbox 703 4165 786 4218; x_wconf 88' lang='lat' dir='ltr'><strong>seiner</strong></span> <span class='ocrx_word' id='word_1_259' title='bbox 810 4165 986 4219; x_wconf 86' lang='lat' dir='ltr'><strong>rlretorischen</strong></span> <span class='ocrx_word' id='word_1_260' title='bbox 1011 4165 1098 4218; x_wconf 88' lang='lat' dir='ltr'><strong>Natur</strong></span> <span class='ocrx_word' id='word_1_261' title='bbox 1123 4165 1149 4216; x_wconf 90' lang='lat' dir='ltr'><strong>in</strong></span> <span class='ocrx_word' id='word_1_262' title='bbox 1168 4163 1273 4230; x_wconf 83' lang='lat' dir='ltr'><strong>eilriger·</strong></span> <span class='ocrx_word' id='word_1_263' title='bbox 1292 4163 1361 4217; x_wconf 85' lang='lat' dir='ltr'><strong>Red-</strong></span> 
     </span>
     <span class='ocr_line' id='line_1_31' title="bbox 150 4245 679 4320; baseline -0.004 -14"><span class='ocrx_word' id='word_1_264' title='bbox 150 4251 273 4320; x_wconf 86' lang='lat' dir='ltr'><strong>seligkeit</strong></span> <span class='ocrx_word' id='word_1_265' title='bbox 290 4251 363 4304; x_wconf 85' lang='lat' dir='ltr'><strong>desto</strong></span> <span class='ocrx_word' id='word_1_266' title='bbox 381 4251 490 4304; x_wconf 86' lang='lat' dir='ltr'><strong>freiereu</strong></span> <span class='ocrx_word' id='word_1_267' title='bbox 511 4251 580 4304; x_wconf 84' lang='lat' dir='ltr'><strong>Laut</strong></span> <span class='ocrx_word' id='word_1_268' title='bbox 596 4245 679 4306; x_wconf 53' lang='lat' dir='ltr'><strong>litent?</strong></span> 
     </span>
    </p>
   </div>
   <div class='ocr_carea' id='block_1_6' title="bbox 1188 4359 1201 4415">
    <p class='ocr_par' dir='ltr' id='par_1_6' title="bbox 1188 4359 1201 4415">
     <span class='ocr_line' id='line_1_32' title="bbox 1188 4359 1201 4415; baseline 0 0"><span class='ocrx_word' id='word_1_269' title='bbox 1188 4359 1201 4415; x_wconf 94' lang='grc'>1</span> 
     </span>
    </p>
   </div>
   <div class='ocr_carea' id='block_1_7' title="bbox 0 0 1649 4902">
    <p class='ocr_par' dir='ltr' id='par_1_7' title="bbox 0 0 1649 4902">
     <span class='ocr_line' id='line_1_33' title="bbox 0 0 1649 4902; baseline 0 0"><span class='ocrx_word' id='word_1_270' title='bbox 0 0 1649 4902; x_wconf 95' lang='lat' dir='ltr'><strong> </strong></span> 
     </span>
    </p>
   </div>
  </div>
 </body>
</html>
