3266 4902
863 195 904 257 34

774 285 985 292 ...—-.--—-.-

270 405 324 484 qui
360 403 394 467 iu
425 411 544 467 annum
574 406 627 468 90.
659 403 752 468 cadit.
799 402 912 487 Itaque
951 424 1036 470 anno
1066 406 1118 469 90.
1153 404 1237 470 Iulia
1266 407 1331 470 iam
1361 413 1488 472 mortua
1589 442 1591 477 v

270 514 363 576 eratl.
410 509 471 574 Sed
494 510 662 592 quominus
686 531 754 573 eam
776 510 845 592 ipsc
869 531 952 574 anno
969 512 1020 577 90.
1045 510 1161 576 obiisse
1183 512 1383 588 arbitremur,
1406 514 1488 576 actis

269 614 404 679 fratrum
419 615 581 679 Arvalium
604 614 818 698 prohibemur,
841 615 957 698 quibus
980 623 1113 699 apparet
1135 637 1205 681 eam
1228 639 1256 682 a.
1279 617 1309 681 d.
1332 617 1389 684 III.
1413 639 1488 682 non.

272 721 340 784 Ian.
364 719 440 784 anni
463 722 515 785 90.
545 721 609 784 iam
639 727 797 784 mortuam
819 720 921 786 fuisse.
967 720 1049 784 Nam
1071 722 1105 785 in
1127 721 1218 798 votis,
1247 742 1329 806 quae
1356 723 1412 787 illo
1436 723 1488 786 die

271 829 477 908 susceperunt
500 825 614 890 fratres
638 826 778 903 Arvales,
795 825 878 890 Iulia
900 847 964 891 non
981 826 1105 892 videtur
1127 833 1370 893 commemorata
1393 831 1488 904 esse,²

272 931 344 996 viva
366 930 635 1014 nuncupabatur.3

378 1053 447 1118 Hoc
462 1053 546 1120 idem
562 1055 674 1131 evenit,
690 1054 718 1118 si
733 1054 867 1120 alteram
888 1055 1100 1120 ratiocinandi
1124 1056 1241 1121 inimus
1257 1057 1349 1122 viam.
1387 1056 1487 1121 Ense-

273 1159 346 1225 bius
376 1160 460 1225 enim
490 1161 522 1222 in
552 1160 757 1242 chronologia
788 1160 881 1225 dicit4
905 1159 1092 1237 Corneliam,
1122 1161 1275 1244 virginem
1305 1163 1488 1238 maximam,

270 1286 354 1330 anno
377 1265 418 1330 ab
443 1265 583 1330 Abraam
607 1267 702 1330 2106.
727 1265 830 1330 vivam
853 1264 1010 1330 defossam
1039 1288 1115 1332 esse.
1161 1267 1222 1332 Hic
1249 1251 1355 1333 autem
1384 1289 1488 1332 annus

272 1393 293 1436 a
314 1370 461 1436 kalendis
484 1370 674 1436 Octobribus
695 1371 773 1436 anni
794 1376 867 1454 post
890 1370 963 1438 Chr.
987 1393 1017 1434 n.
1043 1375 1094 1436 89.
1118 1372 1257 1457 incipit.⁵
1302 1359 1407 1456 Atque
1422 1373 1488 1438 Pli-

273 1477 345 1541 nius
368 1476 484 1542 Iuliam
506 1482 582 1541 ante
605 1476 783 1543 Corneliam
806 1477 922 1543 obiisse
943 1481 1103 1545 testatur.⁶

380 1744 390 1774 ¹
410 1739 465 1794 Cfr.
484 1741 564 1794 etiam
582 1754 648 1807 qnae
666 1739 745 1792 huius
764 1740 988 1793 commentationis
1007 1757 1068 1808 pag.
1087 1741 1130 1795 31.
1150 1740 1182 1793 de
1194 1741 1326 1796 Martialis
1345 1740 1426 1810 epigr.
1440 1741 1488 1796 VI.

190 1907 192 1912 y
276 1831 316 1882 13.
335 1827 530 1895 interpretando
549 1830 575 1880 et
593 1843 653 1896 pag.
673 1828 714 1882 36.
734 1826 766 1880 de
783 1829 908 1895 tempore,
933 1843 983 1894 quo
1001 1827 1132 1880 Martialis
1150 1828 1209 1882 libr.
1228 1828 1274 1886 VI.
1299 1821 1488 1898 consumpserit,

271 1916 396 1969 dicuntur
414 1919 441 1968 et
458 1915 574 1968 Henzeni
593 1916 668 1988 ‘Acta
686 1914 798 1968 fratrum
818 1907 964 1968 Arvalium'
983 1931 1044 1982 pag.
1063 1915 1157 1970 CXVI.
1177 1919 1204 1968 et
1221 1915 1306 1970 XIIC.

374 2020 458 2074 'Cfn
482 2021 626 2088 Honzenus,
651 2020 668 2074 1.
702 2036 723 2075 c.
747 2036 807 2088 pag.
833 2019 952 2074 CXXIV.
989 2019 1067 2096 (Imp.
1095 2020 1210 2074 Caesare
1232 2021 1393 2077 Domitiano
1416 2023 1486 2091 Aug.

272 2108 425 2162 Germanico
443 2108 503 2162 XV.
528 2108 661 2176 pontifice
678 2107 803 2160 martimo
816 2107 946 2160 tribaaie.
957 2111 1054 2176 potest.
1068 2109 1156 2162 VIIII.
1171 2125 1273 2162 censore
1285 2114 1409 2178 perpetuo
1422 2127 1448 2178 p.
1461 2127 1487 2178 p.

271 2195 310 2250 M.
334 2195 441 2250 Cocceio
458 2195 548 2249 Nerva
565 2196 602 2250 H.
621 2211 671 2249 cos.
690 2195 850 2263 raspisterio
874 2195 907 2250 P.
928 2195 1044 2248 Sallusti
1062 2195 1150 2249 Blaesi
1168 2196 1203 2250 H.
1228 2197 1279 2251 III.
1297 2213 1362 2252 aaa.
1382 2198 1487 2252 Ianuar.

272 2284 307 2336 ia
329 2283 464 2352 Capitolio
488 2283 521 2336 ia
541 2301 649 2352 pronao
674 2283 747 2335 Iovis
775 2281 804 2336 0.
823 2282 861 2336 M.
881 2324 887 2337 .
909 2325 915 2337 .
936 2299 1033 2337 ..rus
1056 2283 1140 2335 frater
1161 2284 1267 2336 Arvalis
1290 2284 1324 2337 ad
1347 2285 1487 2354 collegium

272 2372 386 2425 fratrum
410 2371 546 2425 Arvalium
572 2371 690 2424 rettulit:
717 2386 777 2423 cum
801 2369 828 2422 di
853 2370 1003 2423 inmortales
1028 2370 1182 2439 propitiato
1212 2371 1329 2424 ananiae
1352 2389 1403 2425 sao
1426 2377 1488 2426 nota

273 2459 348 2512 ardis
374 2464 520 2524 terraram,
546 2475 615 2527 qaae
635 2475 688 2528 pro
718 2458 806 2511 catate
823 2457 886 2526 imp.
906 2457 1026 2512 Caesaris
1049 2458 1104 2511 divi
1127 2459 1282 2526 Vespasiani
1306 2460 1324 2515 f.
1343 2461 1487 2514 Domitiani

272 2549 342 2616 Aug.
354 2547 502 2602 Germanici
515 2547 645 2615 pontificis
658 2546 765 2599 maximi
779 2549 806 2599 ct
818 2545 958 2600 Domitiae
976 2547 1046 2615 Aap.
1060 2546 1188 2616 eoaiapis
1200 2549 1260 2600 aias
1273 2548 1373 2616 totique
1391 2549 1489 2614 domat

272 2653 366 2690 marm
385 2635 482 2704 capide
500 2638 621 2703 suscepta
644 2637 726 2702 erant,
745 2633 893 2700 audierunt,
915 2635 1051 2688 convenire
1070 2635 1178 2704 collegio
1196 2635 1283 2702 priora
1301 2636 1399 2688 solvere
1417 2678 1423 2690 .
1444 2682 1450 2694 .
1470 2629 1489 2691 .’

272 2725 328 2777 Hoc
344 2724 400 2777 loco
413 2726 525 2791 angusto
537 2724 605 2776 inter
618 2722 720 2776 litteras
736 2725 768 2774 et
781 2724 807 2774 et
821 2721 858 2775 de
877 2722 961 2790 spatio
975 2739 1021 2775 nos
1034 2723 1174 2792 prohiberi,
1186 2723 1324 2791 quominus
1337 2725 1486 2776 statuamus

272 2813 351 2866 etiarn
364 2812 460 2865 Iuliam
472 2813 621 2879 Augustam
634 2811 794 2864 nominatam
809 2810 890 2864 fuisse
902 2814 970 2864 recte
983 2811 1268 2879 persperdtHenzenus.
1287 2810 1341 2864 Cfr.
1355 2827 1378 2864 v.
1391 2814 1431 2865 18.
1442 2812 1485 2865 32.
1592 2833 1594 2856 ε

273 2898 364 2953 Omnis
389 2902 476 2954 autem
497 2898 626 2952 dubitatio
645 2898 768 2951 eximitur
786 2915 810 2950 v.
832 2898 872 2952 11.
893 2900 1023 2965 scriptura
1041 2899 1117 2964 plane
1136 2902 1246 2954 servata.

379 3004 468 3058 ³Cfr.
492 3020 554 3072 pag.
579 3003 673 3061 CXVI.
708 3003 783 3080 tImp.
820 3003 930 3057 Caesare
955 3003 1105 3057 Domitiano
1129 3005 1199 3073 Aug.
1223 3002 1383 3058 Germanico
1406 3001 1486 3057 XIII.

271 3094 302 3148 L.
321 3092 435 3147 Volusio
454 3091 578 3146 Saturnio
590 3108 642 3146 aas.
661 3091 712 3148 III.
730 3109 795 3146 aaa.
808 3091 924 3146 Ianuar.
944 3133 949 3146 .
971 3133 977 3146 .
998 3133 1004 3146 .
1024 3095 1085 3145 vota
1104 3091 1173 3145 orbis
1190 3096 1335 3156 terraram,
1354 3107 1420 3159 quae
1433 3108 1487 3160 pro

272 3181 358 3234 salute
380 3181 443 3248 imp.
463 3180 582 3233 Caesaris
602 3221 608 3234 .
628 3222 635 3234 .
655 3222 661 3234 .
681 3221 688 3235 .
713 3182 740 3232 et
757 3180 887 3233 Domitiae
905 3180 974 3247 Aug.
999 3179 1125 3247 coaiapis
1149 3179 1209 3232 aias
1232 3184 1262 3232 et
1285 3179 1400 3232 Ialiae
1416 3179 1487 3246 Aug.

272 3269 372 3337 totirpue
391 3268 480 3322 domui
504 3284 593 3322 eorum
617 3261 674 3323 eta'
697 3285 757 3336 pag.
778 3268 887 3322 CXVII.
913 3309 929 3343 ι.
949 3309 955 3322 .
976 3307 982 3320 .
1006 3270 1033 3320 et
1052 3268 1182 3323 Domitiae
1200 3267 1269 3334 Aug.
1289 3267 1407 3334 coniugis
1431 3267 1488 3320 eius

272 3359 303 3411 et
326 3356 437 3410 Iuliae
460 3357 541 3425 Aug.
566 3356 667 3424 totique
689 3356 778 3409 domui
803 3372 889 3408 eorum
915 3349 972 3409 eta'
990 3370 1051 3422 pag.
1077 3354 1197 3408 CXVIII.
1228 3395 1244 3429 ί.
1264 3395 1270 3406 .
1291 3395 1297 3407 .
1321 3354 1348 3408 C.
1376 3355 1487 3408 Salvias

271 3444 400 3498 Liberalis
418 3444 519 3498 Nonius
538 3443 637 3497 Bassus
664 3444 745 3496 frater
762 3444 868 3496 Arvalis
893 3484 899 3496 .
920 3483 925 3495 .
945 3483 977 3496 ..
1002 3441 1160 3494 sacrificium
1189 3441 1251 3494 deae
1274 3441 1339 3495 Diae
1364 3443 1391 3494 ln
1418 3442 1488 3495 hunc

271 3549 368 3586 annum
388 3531 425 3584 sic
442 3530 552 3586 indixit:
572 3531 644 3600 qaod
661 3531 756 3584 bouum
776 3533 824 3589 ete,
844 3531 906 3597 imp.
925 3529 1031 3583 Caesari
1048 3529 1199 3581 Domitiano
1217 3531 1284 3598 Aug.
1304 3571 1311 3584 .
1331 3572 1338 3585 .
1358 3572 1364 3584 .
1390 3532 1416 3583 et
1434 3531 1487 3584 Do-

271 3620 367 3674 mitiae
386 3621 454 3687 Aug.
473 3619 585 3688 eoaiugi
603 3620 658 3672 eius
676 3622 709 3672 et
725 3618 842 3672 Iulias
860 3617 940 3686 Aap.
960 3615 1060 3686 totique
1078 3614 1167 3669 domui
1185 3633 1274 3670 eorum
1294 3659 1299 3672 .
1321 3659 1327 3672 .
1347 3611 1362 3672 .'

378 3725 462 3779 ⁴Cfr.
481 3726 513 3780 A.
533 3725 656 3778 Schoenei
674 3724 790 3802 ‹Eusebii
814 3724 991 3778 chronicorum
1015 3723 1077 3776 libri
1100 3716 1160 3775 duo'
1178 3738 1241 3790 pag.
1269 3724 1325 3778 160.
1362 3721 1488 3798 (Maxima

271 3814 404 3882 virginum
423 3813 569 3866 Vestalium
589 3813 709 3866 Cornelia
727 3813 844 3866 convicta
862 3812 947 3880 stupri
965 3813 1039 3864 iuxta
1056 3811 1141 3878 legem
1160 3811 1220 3864 viva
1238 3810 1340 3863 defossa
1358 3803 1415 3863 est’

378 3918 438 3972 ⁵Iu
461 3935 512 3986 quo
535 3921 650 3972 erratum
668 3921 716 3984 est,
735 3918 813 3972 donec
832 3917 1030 3971 Gutschmidius
1054 3918 1103 3986 (De
1121 3920 1266 3985 temporum
1290 3915 1368 3984 notis,
1391 3916 1487 3985 quibus

271 4007 400 4062 Eusebius
418 4006 512 4072 utitur)
531 4023 585 4059 rem
604 4023 662 4060 curn
681 4007 797 4060 omniurn
814 4005 1022 4074 comprobatione
1040 4006 1196 4073 explanavit.

378 4113 462 4168 “Cfn
480 4113 549 4167 Plin.
569 4129 608 4181 ep.
627 4113 674 4168 IV.
694 4113 735 4167 11.
755 4113 780 4166 6.
800 4168 807 4188 t
827 4153 833 4166 .
854 4154 859 4166 .
880 4153 886 4166 .
905 4111 1041 4164 damnavit
1058 4113 1104 4178 (sc.
1124 4111 1281 4180 Corneliam)
1305 4110 1402 4177 incesti,
1416 4125 1487 4163 cum

270 4203 326 4270 ipse
345 4201 435 4256 fratris
452 4201 534 4255 filiam
553 4202 651 4255 incesto
668 4218 718 4254 non
738 4201 876 4269 polluisset
893 4201 986 4269 solum,
1004 4216 1094 4253 verum
1112 4200 1191 4253 ettam
1211 4198 1411 4253 occidisset'
