3266 4902
831 249 871 312 14

349 460 433 546 Ergo
462 483 525 526 non
556 466 621 526 tam
653 461 748 526 verba
780 466 812 528 et
840 480 996 536 numeros,
1028 480 1122 542 quam
1154 457 1325 523 sententias
1353 462 1385 521 et
1407 477 1456 520 res

243 569 397 644 quenali,
421 590 490 632 cum
515 574 641 632 saturas
665 566 824 644 scriberet,
848 565 945 631 fuisse
968 567 1055 631 cordi
1079 565 1224 648 equidem
1247 586 1366 630 censeo.

347 744 547 820 Rumoribus,
571 744 603 808 id
628 743 712 826 quod
737 743 914 820 miraberis,
938 741 1144 825 nequeenim
1169 748 1346 806 saturarum
1364 745 1457 823 poeta

239 850 299 914 hac
321 851 355 914 in
379 873 413 915 re
436 850 615 934 comparari
639 856 743 932 petest
764 871 833 914 cum
857 849 1060 914 historiarum
1083 849 1245 931 scriptore,
1270 848 1370 911 utitur
1386 867 1458 930 per-

242 977 324 1020 raro.
373 957 417 1021 De
440 978 505 1039 qua
528 978 562 1020 re
585 977 669 1020 nuno
692 977 833 1037 agamus.

696 1148 760 1214 sar.
788 1149 839 1214 Vl.
868 1152 938 1215 156.
963 1170 1008 1231 sq.

509 1331 524 1366 ί.
544 1333 550 1345 .
571 1330 577 1344 .
596 1279 714 1369 ‚deinde
733 1291 840 1343 adamas
859 1291 1010 1344 notissimus
1029 1292 1055 1341 et
1073 1289 1205 1342 Berenices

509 1380 539 1432 ln
559 1378 642 1448 digito
661 1378 746 1432 factus
765 1379 912 1446 pretiosior:
932 1377 1001 1431 hunc
1020 1377 1092 1430 dedit
1109 1377 1170 1428 olim

511 1467 642 1520 Barbarus
661 1467 781 1534 incestae,
801 1465 873 1519 dedit
891 1466 959 1519 hune
978 1467 1096 1533 Agrippa
1114 1457 1211 1517 sorori'

351 1609 492 1674 Mordaei
515 1609 584 1674 ioco
608 1607 767 1690 significat
789 1618 883 1691 poeta
907 1607 945 1671 de
968 1608 1062 1673 rebus
1085 1606 1232 1689 pretiosis
1249 1613 1280 1671 et
1294 1605 1456 1670 hominum

245 1717 402 1781 clarorum
426 1737 485 1780 usu
508 1717 592 1780 notis
616 1737 711 1796 agens
735 1714 899 1790 annulum,
923 1736 1015 1796 quem
1032 1713 1176 1796 Agrippa
1196 1712 1457 1790 minor,⁴ultimus

245 1823 433 1887 ludaeorum
457 1843 527 1897 rex,
551 1821 632 1885 dono
656 1821 778 1885 dederit
802 1819 971 1884 Berenicae
999 1820 1100 1884 sorori
1131 1826 1292 1902 tamqnam
1316 1839 1457 1901 sponsae.

246 1929 288 1992 Et
317 1929 400 1993 inter
428 1933 531 1992 castas
560 1926 713 1991 Berenice
743 1925 891 1990 habenda
921 1947 984 1989 nou
1016 1924 1139 1989 videtur
1169 1946 1244 1988 esse.
1291 1924 1371 1988 Nam
1395 1923 1458 1986 Titi

244 2034 397 2117 principis
421 2032 715 2098 eratconcubina.1
760 2031 820 2096 Sed
845 2039 950 2096 utrum
974 2052 1081 2095 revera
1104 2052 1172 2095 eum
1197 2031 1264 2113 ipso
1287 2028 1386 2092 fratre
1409 2029 1458 2091 in-

245 2145 343 2204 cesto
359 2161 417 2203 usu
448 2139 614 2202 coniuncta
644 2137 739 2203 suerit
770 2158 876 2214 necne,
908 2135 993 2201 haud
1024 2137 1101 2200 satis
1130 2135 1239 2218 liquet.
1291 2135 1459 2198 Rumorem

246 2245 341 2307 huius
364 2241 478 2325 flagitii
503 2244 721 2326 pervulgatum
745 2242 842 2307 fuisse
865 2265 903 2307 ex
919 2242 1022 2306 verbis
1038 2242 1141 2306 Flavii
1163 2241 1286 2324 Iosephi
1303 2241 1461 2323 apparete

246 2349 403 2414 luvenalis
433 2349 531 2431 igitur
553 2349 614 2413 hoc
636 2349 704 2413 loeo
727 2370 884 2413 rumorem
907 2347 1006 2412 tradit
1028 2347 1084 2424 ita,
1116 2352 1152 2412 ut
1175 2369 1241 2410 rem
1264 2347 1460 2429 exploratam

246 2455 339 2538 quasi
362 2461 478 2518 narret.

700 2577 763 2644 Sat.
792 2576 842 2640 VI.
867 2579 940 2641 614.
966 2599 1010 2660 sq.

685 2717 789 2794 tTamen
809 2717 857 2770 hoc
876 2717 1017 2784 tolerabile,
1037 2717 1059 2769 si
1078 2734 1128 2770 nou

509 2807 545 2859 Et
562 2806 646 2859 furere
665 2805 773 2874 incipias
793 2809 822 2859 ut
840 2805 984 2859 avunculus
1001 2805 1046 2857 ille
1065 2805 1183 2872 Neronis,

510 2895 558 2947 Cui
578 2896 660 2946 totam
680 2893 784 2946 tremuli
803 2892 914 2946 frontem
935 2892 1061 2946 Caesonia
1079 2891 1146 2960 pulli

507 2981 620 3034 infudit:
640 2997 706 3048 quae
719 2997 767 3033 non
782 2980 869 3048 faciet,
887 2980 956 3048 quod
969 2979 1092 3048 principis
1107 2973 1196 3034 uxor?'

358 3106 549 3204 tAvunculus
576 3104 631 3170 ille
653 3093 797 3170 Neronis'
827 3110 876 3169 est
907 3103 1062 3186 Caligula,
1092 3104 1182 3168 euius
1212 3104 1356 3170 insaniae
1384 3105 1461 3170 satis

244 3218 338 3276 notae
361 3217 450 3287 sunt3
474 3211 528 3275 sed
551 3231 646 3275 causa
669 3231 733 3274 non
756 3217 824 3275 crat
847 3209 1001 3293 philtrum
1025 3209 1198 3275 Caesoniae
1214 3211 1331 3286 uxoria,
1355 3231 1460 3274 nerum

244 3317 385 3393 morbus,
408 3317 440 3380 in
468 3339 559 3400 quem
583 3323 693 3381 octavo
716 3316 842 3399 imperii
865 3337 970 3380 mense
993 3316 1116 3380 incidit.
1163 3315 1275 3398 ltaque
1302 3315 1461 3406 luvenalis

246 3445 313 3487 rem
337 3427 463 3506 praeter
486 3422 649 3486 veritatem
673 3421 776 3486 refert.
825 3421 885 3486 Sed
902 3442 941 3484 ne
957 3420 1017 3485 hoc
1033 3421 1160 3504 quidem
1176 3422 1244 3485 loco
1260 3428 1353 3502 poeta
1369 3420 1462 3503 quid-

245 3551 340 3612 quam
363 3528 402 3592 de
425 3549 481 3592 suo
506 3526 608 3591 finxit.
654 3526 735 3590 Nam
757 3525 931 3609 principem
954 3526 1100 3591 insanum
1124 3527 1220 3590 luisse
1236 3549 1273 3592 ex
1291 3525 1463 3590 Caesoniac

245 3635 477 3698 medicamento
501 3633 585 3696 fama
608 3635 702 3696 eret.3

355 3849 364 3878 ¹
384 3843 437 3897 cn.
457 3845 517 3897 Tac.
536 3843 598 3896 hiet.
617 3843 653 3896 Π.
672 3845 706 3910 2.,
727 3845 757 3896 Ι).
777 3841 849 3896 Cass.
869 3845 911 3898 66.
932 3844 972 3911 15,
994 3845 1034 3898 18.

353 3931 437 3986 2(lfr.
464 3932 538 3986 Flav.
557 3931 607 3985 Ios.
628 3932 689 3985 Ani.
709 3929 766 3984 Iud.
786 3932 829 3986 20.
849 3932 873 3985 7.
892 3935 917 3984 3.
962 3936 1100 4006 ιΒερενίκη
1125 3929 1156 3983 δὲ
1179 3924 1248 3998 μετὰ
1270 3923 1323 3995 τὴν
1346 3922 1463 4000 Ἡρώδου

245 4017 379 4085 τελευτήν,
399 4012 426 4074 ὃς
445 4013 525 4084 αὐτῆς
544 4013 612 4089 ἀνὴρ
630 4025 674 4070 καὶ
695 4020 769 4072 θεῖος
783 4016 905 4090 ἐγεγόνει,
924 4013 1009 4071 πολὺν
1018 4015 1119 4089 χρόνον
1132 4015 1330 4088 ἐπιχηρεύσασα
1351 4014 1464 4087 φήμης

246 4104 458 4175 ἐπισχούσης
476 4100 530 4159 ὅτι
549 4107 595 4172 τῷ
613 4101 748 4174 ridel-pu]
767 4103 885 4178 συνῄει
906 4148 910 4159 .
931 4149 936 4159 .
958 4101 972 4158 .’

352 4196 434 4250 ⁸Ofr.
453 4195 523 4249 Suet.
543 4196 589 4250 vit.
609 4196 664 4249 Cal.
685 4197 727 4250 50.
764 4195 895 4270 ιΟισάἰὺστ
925 4196 1077 4262 potionatus
1102 4211 1118 4247 a
1143 4193 1269 4248 Caesonia
1294 4210 1372 4247 uxore
1390 4211 1462 4248 arna·

245 4286 312 4338 torio
331 4285 435 4352 quidem
455 4284 649 4351 medicamento,
668 4282 712 4336 sed
731 4283 799 4350 quod
820 4284 845 4336 in
865 4283 976 4337 furorem
997 4275 1123 4336 verterit’
