3266 4902
755 241 793 306 13

95 465 99 473 “
168 452 310 520 damnati
340 459 432 520 erant
462 458 545 520 certe
573 451 695 520 Marius
723 427 851 520 Priscus
883 451 908 518 Ι.
933 453 995 532 49.,
1027 452 1114 520 VIII.
1145 455 1228 532 120,
1259 451 1381 540 Capite,

167 560 314 626 Numitor
347 560 431 627 Vlll.
457 563 518 638 93,
553 561 621 625 sine
650 560 746 626 dubio
776 561 910 626 feminae
944 560 1157 625 11.67.--70.
1192 562 1381 628 nominatae.

167 666 327 732 Obscuros
347 688 419 731 vero
443 667 611 748 quominus
634 667 726 732 iustis
751 666 929 732 nominibus
944 665 1130 750 appellaret,
1153 666 1243 732 nulla
1258 689 1292 732 re
1307 689 1381 752 pro-

167 772 337 839 hibebatur
359 777 462 855 poeta.
509 772 646 849 Accedit,
678 771 762 855 quod
792 772 958 837 verborum
988 778 1137 837 contextu
1167 773 1237 838 luce
1263 773 1381 838 clarius

167 899 260 962 saepe
282 877 518 944 demonstratur
541 899 607 942 esse
630 899 805 944 sermonem
828 877 867 944 de
889 877 1081 955 hominibus,
1104 884 1268 961 questum
1285 901 1381 945 unus·

167 985 300 1068 quisque
323 985 400 1049 satis
423 989 565 1048 noverat:
601 983 688 1067 Lyde
711 983 751 1048 Il.
777 986 859 1061 141.,
889 983 1023 1049 Procula
1046 983 1101 1049 ΙΙΙ.
1126 986 1211 1061 203,
1244 984 1380 1050 Corbulo

167 1090 223 1155 111.
247 1093 331 1166 251,
355 1089 545 1154 Heliodorus
561 1089 615 1155 VI.
632 1093 716 1166 373,
738 1088 884 1155 Themiso
900 1087 939 1155 X.
956 1092 1042 1166 221,
1065 1089 1224 1154 Hamillus
1239 1088 1278 1153 X.
1296 1092 1381 1169 224,

168 1196 278 1261 Rutila
299 1194 338 1259 X.
362 1198 446 1272 294,
480 1217 560 1259 uxor
582 1195 677 1260 Fusci
704 1194 775 1260 XII.
799 1199 852 1259 45.
880 1201 952 1260 etc..
990 1195 1103 1278 Itaque
1137 1195 1191 1278 qui
1223 1195 1381 1261 Iuvenalis

168 1309 292 1367 saturas
315 1300 412 1368 luisse
434 1301 631 1366 arbitrantur
654 1321 751 1365 vanas
774 1300 1028 1376 declamationes,
1051 1307 1168 1368 errant.

275 1425 317 1489 Et
341 1424 544 1489 stultissimus
574 1423 693 1501 luisset,
724 1425 751 1489 si
780 1423 822 1490 ad
852 1424 1072 1490 ostentandam
1100 1425 1180 1491 artis
1202 1425 1379 1492 rhetoricae

168 1531 349 1596 facultatem
372 1530 454 1594 hanc
477 1530 539 1595 sibi
563 1530 746 1612 sumpsisset
767 1530 940 1594 materiam.
979 1530 1061 1595 Nam
1077 1538 1214 1615 quantas
1229 1531 1291 1597 sibi
1307 1532 1380 1598 lecit

168 1637 353 1712 simultates,
377 1643 497 1718 quauta
520 1635 681 1718 pericula?
726 1634 820 1712 Quid,
844 1636 929 1718 quod
944 1657 1055 1702 revera
1070 1637 1103 1701 in
1119 1637 1250 1701 exilium
1266 1638 1379 1702 missus

168 1749 216 1807 est
237 1749 367 1826 propter
390 1748 524 1806 saturas.
564 1739 670 1817 Quare
686 1762 748 1806 non
764 1740 867 1805 solum
883 1742 1059 1824 elegantiae
1078 1742 1203 1808 landem
1220 1741 1380 1808 affectavit

168 1848 339 1926 Iuvenalis,
362 1847 417 1912 sed
441 1847 573 1945 ‘derexit
590 1846 738 1912 bracchia
753 1853 865 1912 contra
881 1853 1051 1912 torrentem
1067 1853 1098 1912 et
1114 1847 1210 1912 uitam
1225 1848 1381 1932 impendit

168 1942 261 2020 vero'
307 1953 419 2018 Nonne
442 1949 576 2018 fabulas
589 1953 662 2016 illas
685 1959 834 2030 veterum,
864 1974 944 2036 quas
973 1952 1144 2018 identidem
1168 1954 1300 2030 deridet,
1332 1953 1380 2018 vel

168 2060 341 2143 quamlibet
363 2060 460 2124 aliam
482 2080 547 2122 rem
570 2058 703 2142 comptis
726 2065 757 2124 et
779 2058 935 2124 rhetorice
964 2059 1085 2124 ornatis
1115 2059 1218 2124 verbis
1249 2080 1381 2124 narrare

168 2166 272 2248 potuit
294 2167 362 2230 sine
383 2171 468 2230 metu
491 2164 645 2247 periculi?
683 2163 774 2229 Certe
788 2164 901 2247 potnit,
924 2163 978 2228 sed
995 2186 1187 2248 quamquam
1204 2165 1380 2248 elegantiae

170 2272 298 2337 minime
321 2277 526 2354 contemptor,
557 2272 652 2334 immo
676 2269 820 2335 sublimis
851 2269 999 2334 dictionis
1029 2276 1173 2348 sectator,
1202 2277 1308 2336 tamen
1330 2271 1380 2335 in-

169 2377 349 2458 dignatione
372 2377 521 2442 scelernm
544 2376 585 2441 ad
608 2381 749 2441 saturam
774 2375 981 2442 deferebatur.

274 2499 368 2564 Mitto
390 2500 490 2583 ipsius
513 2505 624 2583 poetae
647 2500 751 2576 verba,
775 2499 925 2582 quoniam
948 2520 1017 2563 eum
1041 2499 1182 2583 proferre
1199 2507 1319 2578 testem,
1342 2500 1382 2565 de

170 2605 260 2669 ouius
281 2603 343 2670 fide
366 2605 567 2688 disceptatur,
590 2627 654 2670 non
677 2605 767 2670 licet:

379 2747 526 2822 (Fingimus
544 2746 607 2800 haec
626 2745 708 2799 altum
729 2748 820 2799 satura
838 2747 955 2799 sumente
974 2745 1129 2798 ootbumnm

380 2834 484 2888 Scilicet
502 2837 528 2888 et
545 2835 621 2888 finem
640 2835 738 2902 egressi
756 2834 890 2902 legemque
908 2834 1023 2902 priorum

379 2922 484 2976 Grande
502 2922 642 2990 Sophocleo
661 2939 763 2976 carmon
783 2922 939 2976 bacchamur
957 2921 1041 2990 biatu,

378 3011 512 3063 Montibus
529 3011 647 3079 ignotum
668 3010 766 3064 Rutilia
784 3009 904 3078 caeloque
922 3010 1037 3064 Latino?

379 3097 434 3150 Nos
452 3089 553 3150 utinam
572 3099 646 3152 vani!
666 3097 710 3151 red
729 3098 826 3152 clamat
844 3098 952 3151 Pontia:
972 3098 1040 3166 Feci,

298 3227 305 3238 .
379 3185 517 3254 Confiteor,
536 3187 672 3254 puerisque
690 3186 755 3239 mois
773 3187 876 3239 aconita
893 3186 991 3253 paravi,

378 3273 450 3338 Quae
468 3271 592 3340 deprensa
610 3276 708 3342 patent,
727 3273 829 3327 lacinus
848 3276 934 3327 tamen
954 3274 1011 3340 ipsa
1029 3265 1134 3341 peregi’
1154 3276 1205 3310 -1

169 3401 317 3464 Attamen
340 3398 419 3462 talia
441 3396 536 3462 verba
559 3397 661 3463 dicere
678 3418 756 3475 eum,
779 3420 871 3481 quern
887 3397 1038 3481 aequales
1053 3397 1179 3462 mentiri
1197 3397 1380 3464 convincere

167 3512 304 3588 possent,
327 3504 496 3569 absurdum
522 3503 589 3567 luit.

275 3757 282 3786 ¹
303 3751 357 3806 cn.
380 3751 422 3804 VI.
442 3751 500 3806 634.
519 3766 556 3818 sq.
584 3751 622 3804 Dc
635 3747 744 3804 Pontiae
762 3749 874 3803 facinore
893 3751 1008 3804 dubitari
1021 3751 1118 3818 nequit.
1146 3749 1292 3803 Scholiasta
1311 3750 1379 3803 enim

168 3858 221 3894 rem
240 3841 321 3906 novit,
340 3855 429 3905 neque,
448 3841 478 3891 ut
496 3855 571 3906 saepe
590 3839 629 3907 fit,
654 3855 683 3892 ex
700 3841 793 3907 poetae
811 3838 897 3892 verbis
916 3839 965 3892 sibi
984 3838 1176 3892 adnotationem
1196 3855 1270 3892 suam
1289 3838 1377 3891 finxit:

168 3928 285 4004 (Pontia.
309 3927 397 3980 Publii
421 3926 537 3980 Petronii
561 3927 629 3994 filiu,
652 3943 728 3995 quom
753 3926 823 3979 Nero
846 3927 990 3980 convictum
1015 3927 1041 3978 in
1065 3927 1171 3980 erimine
1195 3926 1380 3979 coniurationis

168 4017 316 4082 damnarit,
344 4015 464 4068 defuncto
489 4015 583 4067 marito
607 4015 675 4067 filios
699 4031 759 4067 suos
783 4031 879 4068 veneno
902 4031 1006 4068 necasse
1024 4016 1150 4082 convicta,
1174 4030 1232 4067 cnm
1252 4014 1334 4081 largis
1353 4031 1380 4067 sc

167 4105 252 4172 epulis
270 4107 402 4156 onerasset
420 4106 446 4156 et
463 4103 531 4167 rino,
556 4101 627 4154 venis
645 4102 735 4155 incisis
753 4103 862 4170 saltans,
888 4119 938 4170 qno
957 4103 1068 4156 manime
1087 4102 1173 4155 studio
1191 4102 1379 4169 oblectabatur,

168 4193 282 4246 extincta
300 4185 356 4246 est.’
394 4191 506 4259 Accedit,
525 4189 593 4258 quod
612 4190 742 4243 Martialis
760 4191 807 4259 (ll.
826 4192 868 4244 34.
887 4192 910 4244 6.
929 4192 955 4242 et
974 4190 1020 4244 Vl.
1040 4192 1092 4256 75.)
1123 4190 1244 4244 Pontium
1263 4189 1380 4257 appellat

167 4280 315 4336 veneticam.
512 4276 516 4284 ’
1376 4279 1380 4286 ’
