3266 4902
735 256 738 261 ’
778 261 796 324 5

172 471 258 557 quod
280 477 400 538 veteres
422 473 526 539 minus
549 475 775 541 erubescebant
790 475 883 541 dictis
899 473 1071 540 obscoenis.
1110 473 1229 550 Quodsi
1246 472 1381 550 Catullo,

173 579 295 657 Ovidio,
319 580 460 646 Martiali
476 581 668 665 reliquisque
683 582 784 665 poetis
800 603 836 648 ea
852 582 943 647 venia
963 582 1066 658 datur,
1089 586 1126 645 ut
1148 580 1263 645 lascive
1284 579 1382 644 inter·

172 685 247 750 dum
270 686 383 752 ludant
398 695 429 752 et
444 708 555 770 parum
572 688 685 770 pudice
701 689 881 771 loquantur,
905 694 1025 771 quanto
1041 688 1141 769 magis
1157 686 1381 769 ignoscendum

172 800 220 856 est
242 799 420 858 saturarum
443 793 658 876 scriptoribus„
681 793 708 858 si
733 794 860 877 quando
884 800 991 877 turpes
1014 815 1063 858 res
1080 793 1226 876 turpibus
1242 798 1382 857 tractant

172 899 284 964 vorbis.
330 899 376 962 Ne
400 898 551 964 Horatius
575 899 711 982 quidem,
733 899 820 965 ouius
843 899 995 984 probitas,
1023 899 1115 964 modo
1145 920 1185 964 ne
1207 898 1382 962 christiana

170 1005 240 1087 lege
269 1004 419 1068 iudicium
449 1005 616 1082 faciamus,
651 1011 746 1070 extra·
776 1027 898 1072 omnem
929 1005 1158 1070 dubitationem
1191 1005 1296 1088 posita
1326 1010 1382 1080 est,

171 1111 309 1176 abstinet
331 1111 444 1187 verbis,
473 1099 552 1194 quae
575 1132 594 1176 a
623 1111 780 1176 luvenalis
804 1112 939 1177 dictione
960 1113 1047 1177 haud
1069 1111 1161 1176 valde
1183 1110 1379 1176 abhorrent.¹

171 1215 315 1282 Ceterum
343 1217 500 1282 Iuvenalis
524 1240 562 1282 ex
584 1217 742 1283 industria
771 1219 954 1283 taeterrima
982 1219 1038 1282 illa
1069 1217 1238 1281 libidinum
1267 1237 1383 1298 garrera

171 1323 273 1389 verbis
289 1324 489 1408 persequitur
505 1323 677 1400 obscoenis,
693 1345 755 1407 quo
771 1323 929 1388 efficacius
946 1322 1086 1388 homines
1102 1323 1270 1388 sceleratos
1286 1328 1382 1398 notet,

172 1430 309 1511 legentes
331 1452 350 1495 a
373 1429 489 1496 scelere
511 1431 696 1496 absterreat.
742 1429 836 1494 Unda
856 1429 901 1506 fit,
924 1435 960 1494 ut
983 1429 1068 1494 dicta
1083 1429 1150 1494 eius
1165 1429 1293 1494 minime
1308 1427 1382 1493 libi·

171 1535 275 1600 dinem
299 1535 443 1613 excitent,
474 1537 570 1600 immo
602 1556 751 1600 nauseam
774 1541 929 1600 moveant.
976 1535 1079 1612 Quare
1106 1535 1265 1600 luvenalis
1287 1535 1382 1610 ratio,

171 1642 224 1725 qui
247 1642 373 1718 scelera,
397 1648 432 1705 ut
455 1649 539 1717 sunt,
562 1642 688 1724 detegit,
712 1663 774 1706 non
797 1647 862 1706 tam
878 1641 1028 1724 pestifera
1050 1646 1107 1718 est,
1130 1663 1224 1724 quam
1242 1663 1381 1724 quorun-

171 1748 243 1812 dam
266 1754 429 1830 poetarum
454 1747 585 1812 deliciae
607 1755 639 1812 et
661 1748 845 1830 elegantiae,
868 1747 983 1830 quibus
1006 1769 1056 1812 res
1078 1755 1186 1830 turpes
1208 1747 1334 1812 liberali
1350 1753 1381 1812 et

170 1854 308 1935 ingenua
331 1853 410 1917 facie
432 1853 575 1922 induant.
622 1853 686 1919 Eos
709 1859 815 1920 autem
845 1854 931 1918 locos
962 1853 988 1918 si
1012 1853 1152 1937 respicio,
1180 1852 1235 1918 uhi
1267 1853 1380 1918 iocosis

171 1958 273 2023 verbis
297 1959 388 2042 qnasi
412 1959 522 2025 ludens
545 1960 649 2043 tangit
664 1981 714 2024 res
730 1959 866 2025 maxime
881 1959 1060 2037 nefandas,s
1083 1981 1158 2025 cave
1181 1981 1219 2023 ex
1234 1958 1284 2023 his
1307 1963 1381 2023 con-

170 2065 247 2130 icias
277 2085 348 2130 eum
377 2064 473 2130 fuisse
504 2065 602 2132 levem
624 2066 775 2142 moribus,
806 2067 901 2132 immo
924 2066 959 2130 in
981 2073 1116 2131 mentem
1148 2086 1271 2130 revoces
1295 2064 1380 2148 quod

171 2171 247 2237 dicit
270 2172 431 2250 Horatius,
454 2177 581 2238 saturae
603 2178 789 2256 praeceptor
810 2194 911 2255 aeque
932 2173 1034 2238 honus
1057 2194 1093 2237 ac
1117 2171 1281 2255 scriptori:

327 2333 371 2407 tEt
389 2349 504 2386 sermone
522 2349 586 2400 opus
604 2334 643 2385 ost
663 2331 738 2386 modo
756 2332 835 2401 tristi,
854 2348 931 2400 saepo
949 2333 1040 2401 iocoso,

330 2419 487 2474 Defendente
505 2421 585 2473 vicem
605 2419 680 2473 modo
699 2421 811 2474 rhetoris
829 2423 908 2488 atque
926 2422 1023 2488 poetae,

328 2507 463 2560 Interdum
483 2508 583 2575 urbani,
602 2509 732 2576 parcentis
750 2508 849 2562 viribus
867 2509 946 2576 atque

330 2595 501 2648 Extenuantis
520 2611 563 2648 cas
581 2597 706 2649 consulto.
743 2596 936 2650 Ridiculum
956 2596 1023 2648 acri

329 2683 469 2737 Fortius
487 2687 520 2738 et
537 2684 656 2737 melius
674 2701 812 2752 magnas
832 2684 1029 2752 plerumque
1047 2685 1138 2736 secat
1156 2676 1223 2736 res‘

171 2827 235 2891 Nec
258 2849 330 2893 vero
354 2826 554 2892 statuendum
577 2833 624 2892 est
647 2847 717 2890 eum
741 2826 911 2892 sceleribus
934 2826 1069 2891 aliorum
1085 2826 1176 2908 qnasi
1192 2824 1381 2906 gaudentem

170 2933 241 2999 ideo
264 2932 392 2998 linxisse
421 2955 479 3009 res,
511 2955 574 3016 quo
606 2932 728 3016 peiores
757 2933 908 3016 depingat
934 2931 1102 2998 homines.4
1146 2931 1228 2995 Nam
1258 2931 1382 2996 etiamsi

171 3040 305 3105 concedo
329 3039 418 3115 nihil,
448 3061 487 3104 ne
517 3039 645 3120 exiguas
676 3038 803 3123 quidem
833 3037 1006 3114 fatuitates,
1037 3039 1077 3104 ab
1101 3059 1136 3103 eo
1160 3037 1380 3121 praetermitti,

170 3152 289 3220 tamen,
319 3145 346 3208 si
378 3143 619 3208 admirationem
650 3145 716 3209 eius
748 3150 926 3227 spectamus
957 3143 1111 3227 pristinae
1144 3141 1382 3226 simplicitatis,⁵

382 3289 487 3296 *—

278 3360 287 3389 ¹
306 3355 358 3410 Gn.
379 3355 440 3410 Hor.
459 3357 508 3409 sai.
526 3355 560 3408 Π.
581 3358 604 3410 7.
623 3357 665 3410 49.
684 3387 717 3394 -
736 3356 792 3409 Iun.
811 3355 857 3408 VI.
879 3355 937 3410 126.

277 3460 1381 3532 roaaarmmun-mnaurnaruarammffma

170 3551 723 3618 mmmwssmmmm.

277 3655 359 3708 ³Clr.
379 3656 441 3709 Hor.
460 3659 509 3709 sat.
529 3657 551 3710 1.
573 3658 613 3711 10.
634 3658 673 3712 11.
693 3673 730 3724 sq.

277 3765 289 3796 ⁴
307 3761 360 3814 cfr.
380 3762 529 3825 Tenilclius,
548 3762 565 3814 l.
585 3778 606 3815 c.
625 3779 684 3829 pag.
703 3763 778 3815 tlt:
798 3762 855 3836 (Die
874 3762 1026 3815 dunholsten
1045 3761 1165 3814 Partieen
1184 3760 1262 3813 sucht
1280 3777 1308 3813 er
1326 3761 1382 3814 sich

171 3851 220 3903 mit
239 3850 358 3903 Vorliebo
375 3849 424 3902 anf
440 3849 492 3902 und
510 3849 585 3902 fdhrt
603 3850 640 3902 aie
663 3850 702 3902 bis
720 3849 762 3902 ins
781 3850 912 3903 Einzelste
931 3850 1018 3902 hinein
1040 3850 1087 3902 mit
1105 3847 1205 3901 soloher
1223 3848 1382 3902 Gri'mdlich·

171 3940 225 3992 leit
242 3955 298 4006 aus,
317 3938 377 3991 dass
395 3955 422 3992 es
441 3936 484 4006 ist,
502 3937 542 3991 als
561 3937 644 3990 trente
656 3954 683 3991 er
701 3937 756 3992 sich
770 3937 889 4006 dariiber,
908 3938 965 3991 weil
978 3937 1019 3991 dic
1031 3937 1169 3990 Menschen
1181 3936 1255 3990 recht
1266 3937 1383 3990 schlccht

170 4027 228 4080 sind
248 4067 255 4080 .
274 4068 281 4081 .
300 4067 306 4081 .
326 4020 341 4081 ‚³

277 4130 1382 4200 ⁵mammnmmmmmammmuuama

170 4218 1382 4288 ammammmstnmstmmaumammunma

169 4309 376 4376 mama
1363 4324 1367 4332 ·
