3266 4902
867 248 907 312 18

778 339 987 348 -—--.---

278 461 337 528 hoo
367 461 532 547 praedium
561 481 624 526 non
655 459 824 545 pretiosius
852 466 936 539 erat,
964 466 1001 526 ut
1028 459 1096 545 ipse
1126 457 1230 525 iocose
1261 457 1368 536 dicit,1
1392 480 1488 543 quam

277 569 456 654 prandium.
503 568 672 634 Praedium
702 567 795 634 Statii
826 567 892 633 sine
923 567 1019 634 dubio
1049 566 1151 631 simile
1181 572 1258 632 erat.
1304 565 1375 650 Ipse
1404 567 1488 631 enim

277 677 355 741 dicit
371 675 529 741 Albanum
553 696 643 740 suum
667 675 729 740 vile
752 675 847 740 luisse
870 680 902 740 et
923 675 991 739 sine
1013 675 1150 758 pecore.²
1186 673 1250 738 Nee
1266 695 1338 740 vero
1354 673 1488 737 Romam

276 783 458 866 reliquisset
480 803 516 847 eo
539 787 687 866 ternpore,
711 802 781 846 cum
805 802 925 846 summa
948 781 1050 864 gloria
1064 778 1207 857 florebat,
1224 779 1284 844 nisi
1300 785 1488 862 paupertate

245 895 411 955 -coactus
457 887 548 964 Quod
578 888 611 952 in
642 908 743 969 agone
773 886 952 970 Capitolino
980 885 1082 951 victus
1110 893 1188 963 erat,
1218 885 1313 950 huius
1343 884 1390 949 rei
1419 885 1488 949 sola

276 1016 372 1059 causa
401 999 485 1060 certe
515 992 670 1061 nonfuit.
714 993 827 1076 ltaque
850 992 1008 1058 Iuvenalis
1038 993 1134 1058 rerba
1157 993 1211 1069 sic,
1234 997 1271 1056 ut
1299 997 1381 1068 sunt,
1404 991 1487 1056 acei-

275 1100 392 1184 piendu
414 1119 481 1164 esse
505 1099 606 1176 credo,
637 1119 829 1182 quamquam
860 1118 921 1162 nou
950 1119 1030 1180 nego
1054 1085 1234 1195 ‘esuriendi’
1259 1119 1364 1162 vocem
1392 1097 1487 1162 nimis

275 1228 402 1288 gravem
426 1209 520 1270 esse.3
565 1204 750 1287 Quicunque
765 1203 962 1287 aliquamdiu
985 1203 1018 1267 iu
1035 1204 1193 1269 Iuvenalis
1209 1203 1401 1268 carminibus
1418 1225 1487 1268 rer-

175 1355 177 1358 ·
276 1319 363 1378 satus
386 1317 443 1388 est,
465 1311 557 1376 facile
579 1309 741 1392 intelleget
763 1297 903 1407 cesurire'
927 1309 1078 1374 hocloco
1101 1308 1184 1374 idern
1208 1331 1275 1376 esse
1304 1317 1400 1393 atque
1422 1331 1487 1404 nou

275 1420 401 1494 habere,
424 1418 508 1483 unde
530 1416 601 1499 quis
623 1416 751 1491 Rornae,
774 1415 808 1478 in
831 1414 909 1479 urbe
931 1413 997 1492 illa,
1019 1416 1074 1480 ubi
1101 1437 1152 1481 res
1175 1415 1345 1482 vilissimae
1373 1415 1486 1480 vende-

275 1526 393 1590 bantur
420 1544 540 1588 summo
570 1523 698 1606 pretia,4
727 1521 823 1587 vitam
853 1522 966 1586 toleret
997 1521 1063 1585 viro
1094 1521 1218 1587 erudito
1248 1529 1279 1586 et
1307 1521 1486 1586 hominibus

275 1629 435 1694 nobilibus
457 1629 558 1693 utenti
580 1633 705 1712 aptam.¹

719 1767 783 1834 Sat.
810 1767 878 1833 Vll.
905 1770 976 1834 188.
1001 1788 1046 1850 sq.

855 1888 938 1965 tUnde
956 1889 1039 1956 igitur
1058 1892 1098 1942 tot

591 1979 769 2044 Quintilianus
787 1977 866 2031 habet
885 1978 969 2030 saltus
976 1970 998 2030 ?'

380 2123 500 2188 Nomen
517 2120 709 2199 Quintiliani
725 2143 750 2185 v.
770 2121 842 2184 186.
867 2119 981 2201 legitur
1004 2140 1062 2201 pro
1086 2119 1228 2200 quolibet
1250 2119 1384 2184 rhetore.
1418 2122 1485 2185 Hoc

273 2230 321 2294 vel
344 2229 417 2293 inde
440 2235 581 2311 apparet,
606 2227 690 2309 quod
710 2247 773 2289 non
790 2225 928 2290 decerto
945 2223 1072 2287 homine
1088 2244 1188 2286 sermo
1205 2231 1262 2298 est,
1286 2225 1339 2288 sed
1356 2227 1483 2288 omnino

273 2371 588 2382 ....—--——--—

379 2438 452 2492 ¹XI.
468 2439 508 2492 18.
523 2438 563 2490 25.
579 2452 616 2503 sq.
636 2435 689 2489 Cir.
708 2434 787 2487 etiam
807 2431 886 2502 epigr.
908 2433 952 2484 VI.
965 2433 1007 2486 43.
1026 2435 1051 2487 4.
1070 2449 1139 2508 ‘casa
1158 2432 1291 2500 iugeribus
1309 2450 1359 2486 non
1378 2449 1484 2486 onerosa

271 2520 343 2582 suis'
361 2527 422 2580 Vll.
441 2527 483 2580 31.
502 2527 527 2579 8.
546 2524 600 2600 ‘Nil
618 2522 709 2588 nostri,
728 2521 845 2588 nisime,
864 2520 953 2573 ferunt
971 2514 1067 2589 agelli.'
1092 2521 1138 2576 IX.
1155 2521 1195 2574 18.
1214 2521 1239 2576 2.
1258 2538 1312 2596 ιτιιε
1331 2514 1484 2574 minimum?

270 2617 303 2671 X.
323 2618 365 2670 58.
384 2618 408 2669 9.
428 2613 502 2690 (dura
520 2611 663 2666 suburbani
681 2610 772 2678 iugera
784 2601 860 2678 agri'
880 2610 921 2663 94.
937 2610 961 2664 4.
980 2625 1035 2684 ‘nec
1053 2609 1135 2662 furem
1152 2609 1272 2677 plumbea
1285 2611 1355 2663 mala
1373 2604 1484 2664 timent’

270 2704 331 2759 XlI.
352 2705 394 2758 57.
415 2705 437 2756 1.
457 2717 495 2769 Sq-
537 2769 599 2845 ‘Cur
617 2784 693 2836 saepe
711 2768 771 2821 sicci
790 2783 871 2836 parva
888 2783 950 2820 rura
968 2767 1092 2820 Nomenti

534 2858 677 2923 Laremque
702 2855 779 2908 villae
803 2853 935 2908 sordidum
956 2857 1050 2922 petam,
1069 2846 1202 2921 quaeris?'

377 2964 460 3018 ectr,
481 2963 548 3016 Stat.
567 2962 625 3014 silv.
644 2959 690 3013 IV.
711 2961 735 3013 5.
757 2960 796 3013 13.
817 2974 854 3026 sq.

586 3047 650 3122 ‘Nos
668 3063 771 3114 parca
789 3046 868 3099 tellus
886 3045 997 3114 pervigil
1016 3049 1043 3099 et
1060 3046 1132 3099 focus

587 3135 746 3202 Culmenque
763 3135 847 3188 multo
865 3134 963 3188 lumine
981 3133 1156 3188 sordidum
1221 3141 1223 3145 ’

624 3223 747 3277 Solantur
765 3225 948 3290 exemptusque
966 3225 1036 3276 testa

658 3311 708 3377 Qui
726 3310 802 3364 modo
821 3310 952 3364 ferbuerat
969 3311 1080 3379 Lyaeus.

603 3451 662 3504 Non
681 3451 754 3504 mille
772 3450 864 3503 balant
882 3449 992 3518 lanigeri
1010 3465 1112 3518 greges,

605 3539 671 3611 Nec
689 3555 790 3592 vacca
808 3537 878 3598 dulci
897 3538 985 3604 mugit
1002 3536 1130 3604 adultero,

639 3627 770 3694 Unique
788 3625 914 3694 siquando
933 3625 1035 3678 canenti

673 3714 764 3767 Mutus
782 3730 844 3782 ager
862 3713 966 3766 domiuo
985 3713 1109 3766 reclamat

376 3829 387 3859 ³
405 3825 459 3878 Cir.
478 3823 513 3877 ib.
532 3821 581 3876 ΠΙ.
603 3821 626 3875 1.
646 3821 687 3876 61.
707 3835 745 3888 sq.
802 3859 807 3866 .

480 3911 538 3986 (Ast
556 3926 613 3976 ego,
631 3907 779 3961 Dardaniae
796 3906 915 3973 quamvis
934 3905 983 3958 sub
1001 3905 1110 3959 collibus
1129 3906 1210 3959 Albae

481 4000 537 4050 Rus
555 3997 687 4065 proprium
707 3995 847 4063 magnique
866 3994 939 4047 ducis
958 3994 1023 4046 mihi
1043 4010 1147 4047 munere
1165 4011 1271 4047 eurr-ens

480 4086 558 4139 Unda
577 4084 647 4137 domi
665 4099 740 4137 curas
759 4083 870 4135 mulcere
888 4085 1026 4150 aestusque
1046 4081 1130 4135 levare

480 4174 634 4228 Sufficerent
636 4213 747 4240 .....
749 4164 757 4184 '

374 4282 461 4337 ⁴Csr.
481 4281 537 4336 luv.
556 4279 605 4333 Ill.
627 4280 684 4335 165,
705 4293 743 4344 sq.

1118 3707 1126 3726 7

1111 3755 1116 3768 ι
