3266 4902
828 267 867 330 12

237 480 274 540 ut
298 474 455 558 nequitias
478 475 619 542 omnium
641 482 729 542 notet
751 477 817 544 eius
840 476 964 553 aetatis,
987 497 1083 560 quam
1106 476 1173 560 ipse
1193 476 1273 543 vidit
1295 499 1331 543 ac
1354 477 1448 544 ridet.

238 581 340 646 Valde
363 587 461 658 errat,
483 583 537 665 qui
560 587 655 666 putat
681 583 861 648 iuvenalem
885 583 1015 666 elegisse
1045 604 1115 647 cum
1139 584 1203 649 otio
1232 605 1270 649 ao
1293 584 1448 650 delibera-

237 687 323 752 tione
357 709 395 753 ex
429 688 623 771 temporibus
656 689 836 772 praeteritis
870 711 936 754 rem
969 687 1010 753 ad
1040 689 1279 754 describendum
1313 691 1448 754 maxime

237 792 391 858 idoneam.
437 794 572 859 Omnino
588 816 650 859 non
667 795 771 878 elegit,
794 795 928 859 materia
944 795 971 859 ei
988 816 1087 878 paene
1102 795 1234 860 obtrusa
1250 803 1304 860 est.
1336 797 1448 868 Dirum

236 898 371 964 Neronis
394 905 425 964 et
448 900 622 964 Domitiani
645 901 805 965 sacculum
829 901 918 978 vidit,
948 901 1002 964 sed
1032 922 1137 966 necem
1168 901 1228 965 sibi
1258 903 1326 984 ipse
1355 923 1450 984 para-

236 1004 342 1080 visset,
375 1005 402 1068 si
432 1010 499 1069 tum
530 1012 654 1070 saturas
689 1005 873 1089 scripsisset.
919 1007 986 1070 Hoc
1016 1013 1120 1071 autern
1144 1014 1277 1082 constat,
1309 1005 1447 1071 Traiano

238 1109 465 1194 Hadrianoque
487 1111 716 1194 imperantibus
745 1134 813 1177 eum
838 1112 940 1177 verbis
963 1112 1166 1196 versibusque
1190 1113 1379 1196 expressisse
1402 1135 1448 1188 ea,

237 1237 317 1299 quae
340 1237 488 1299 magnam
510 1223 633 1301 partem
657 1217 790 1283 Neronis
814 1217 1049 1301 Domitianique
1064 1225 1168 1283 aetate
1183 1227 1287 1283 mento
1302 1241 1339 1284 ac
1356 1219 1448 1284 eorde

236 1330 463 1406 composuerat.
518 1323 610 1389 Unde
641 1324 823 1388 facillimam
854 1311 951 1389 habes
982 1325 1221 1407 explicationem
1253 1325 1333 1402 eine,
1363 1325 1447 1408 quod

236 1435 347 1511 poetae
370 1429 555 1505 obiectatur‚
584 1436 727 1513 tempora
758 1430 851 1494 nimis
880 1430 1030 1496 misceri.¹
1082 1431 1194 1514 Itaque
1224 1438 1351 1496 saturae
1381 1432 1447 1496 eius

238 1555 300 1599 non
324 1542 399 1599 sunt
421 1535 664 1601 declamationes
687 1536 726 1600 de
748 1542 889 1619 tempore
911 1536 1093 1620 praeterito,
1121 1537 1174 1601 sed
1198 1558 1329 1602 censura
1352 1538 1448 1602 scele-

235 1662 315 1717 rum,
348 1641 431 1706 inter
453 1663 535 1724 quae
557 1642 678 1706 medius
707 1643 776 1727 ipse
798 1643 919 1726 positus
949 1649 1026 1719 erat,
1059 1664 1202 1727 repressa
1231 1643 1359 1727 quidem
1389 1643 1447 1709 ali-

236 1746 388 1829 quamdiu
409 1747 562 1831 principis
584 1755 678 1825 metu,
707 1748 762 1813 sed
793 1749 847 1814 ubi
877 1749 1014 1832 primum
1042 1747 1111 1814 fieri
1139 1751 1253 1832 potuit,
1283 1751 1316 1814 in
1347 1750 1447 1814 lucem

235 1851 330 1950 edita.
375 1853 529 1918 Personas
552 1875 625 1919 vero
648 1854 820 1937 generatim
840 1855 959 1937 positas
983 1861 1038 1920 aut
1053 1853 1142 1919 fictas
1159 1877 1225 1920 esse
1241 1857 1295 1938 qui
1312 1855 1448 1932 dicunt,2

235 1959 280 2022 eis
302 1959 518 2024 contradicere
540 1959 651 2024 ausim.
697 1959 876 2024 Martialem
899 1981 975 2024 sane
990 1960 1169 2024 nominibus
1189 1961 1319 2024 licenter
1335 1961 1381 2024 uti
1399 1961 1446 2023 vel

235 2063 309 2128 inde
332 2071 473 2147 apparet,
497 2064 581 2148 quod
604 2066 693 2130 uaria
716 2087 809 2148 saepe
831 2066 949 2130 scelera
973 2065 1089 2131 eisdem
1112 2066 1254 2149 personis
1277 2065 1446 2148 irnputat;3

234 2189 385 2234 verume
411 2171 574 2247 quenale,
608 2193 693 2247 cum,
728 2171 782 2254 qni
812 2171 894 2237 idem
916 2170 1039 2236 facinus
1062 2172 1095 2235 in
1119 2192 1152 2236 se
1175 2169 1331 2247 admittit,
1363 2171 1446 2237 idern

235 2285 355 2358 semper
378 2297 491 2342 nomen
514 2277 635 2352 induat,
657 2277 792 2340 maxime
815 2277 985 2341 uerisimile
1007 2283 1055 2341 est
1074 2284 1174 2341 certos
1190 2277 1332 2341 homines
1348 2277 1447 2360 signi-

234 2379 323 2444 ficari
358 2381 501 2464 verisque
534 2382 714 2446 nominibus
748 2383 913 2465 appellari.
972 2382 1070 2465 Saepe
1104 2382 1181 2447 locis
1216 2383 1309 2465 longo
1343 2382 1446 2466 spatio

235 2486 401 2550 disiunctis
433 2487 638 2552 inveniuntur
667 2509 820 2570 personae
850 2488 918 2552 sine
947 2487 1043 2552 dubio
1067 2488 1209 2554 eaedem:
1255 2489 1367 2554 Maura
1392 2487 1445 2554 Vl.

235 2594 309 2656 308.
333 2630 374 2639 -
398 2591 437 2656 X.
467 2595 552 2668 224.
583 2593 709 2658 Catulla
731 2592 772 2658 Il.
804 2595 856 2658 49.
890 2631 930 2640 -
960 2594 998 2661 X.
1023 2597 1108 2671 323,
1139 2594 1239 2659 Pollio
1270 2594 1326 2659 IX.
1351 2599 1379 2658 6.
1406 2632 1446 2640 --

235 2696 289 2764 XI.
313 2701 364 2762 43.
410 2698 527 2784 (Pollio
550 2698 751 2764 citharoedus
775 2701 813 2765 V.
838 2703 911 2764 387.
937 2706 984 2764 est
1003 2699 1107 2786 alius).
1146 2699 1329 2790 Crepereius
1345 2699 1446 2763 Pollio

235 2809 267 2869 et
289 2802 463 2867 Paccuvius
487 2804 594 2868 Hister
617 2803 689 2867 XII.
715 2808 786 2880 111,
812 2808 884 2881 125,
910 2809 981 2868 128.
1005 2805 1082 2888 quin
1102 2793 1183 2869 ‘certi
1206 2805 1348 2870 homines
1372 2805 1445 2879 sint,

236 2916 367 2992 propter
390 2909 533 2972 additum
556 2929 727 2991 cognomen
751 2931 813 2974 non
837 2909 967 2974 dubium
992 2916 1045 2973 est.
1094 2909 1213 2974 Nomen
1230 2909 1338 2975 fictum
1361 2909 1445 2992 apud

234 3014 413 3078 quenalem
441 3014 575 3078 inveniri
598 3015 792 3096 argumentis
815 3015 1012 3099 comprobari
1038 3015 1154 3098 nequit.
1199 3015 1265 3081 Neo
1287 3037 1368 3093 vero,
1392 3038 1446 3080 eur

235 3120 283 3183 ita
305 3118 430 3196 faceret,
454 3127 547 3203 poeta
570 3119 716 3186 habebat.
764 3122 847 3186 Vera
871 3121 953 3184 enim
976 3120 1106 3185 nomina
1128 3121 1258 3186 reticere
1280 3143 1359 3205 opus
1382 3143 1446 3185 non

236 3232 313 3301 erat,
343 3247 414 3290 curn
443 3232 633 3330 vexarentur
655 3227 772 3292 mortui
795 3227 833 3312 (Ι.
859 3227 1134 3312 170.),damnati,
1161 3227 1296 3292 obscuri.
1342 3227 1446 3309 Atque

342 3475 351 3504 ¹
371 3471 424 3526 Ofr.
443 3471 590 3540 Teuffelius‚
609 3471 626 3526 l.
645 3489 667 3527 c.
686 3489 710 3540 p.
731 3474 790 3526 416.
827 3472 865 3546 (In
890 3471 935 3524 der
954 3473 1034 3540 Rege]
1058 3473 1116 3524 halt
1141 3471 1196 3524 siclr
1215 3471 1256 3524 die
1276 3471 1446 3542 Darstellung

234 3559 261 3611 in
280 3559 513 3628 eigenthiimlielrer
532 3560 660 3628 Schwabe,
680 3560 715 3612 im
735 3559 841 3613 Gebiete
859 3559 903 3612 des
922 3560 1108 3629 Allgenrcineu,
1128 3553 1273 3614 Zoitlosen.'

341 3664 423 3718 2Ofr.
446 3665 480 3720 ib.
506 3665 592 3740 (Diese
610 3665 803 3734 Vernrischung
828 3665 881 3717 und
900 3666 1087 3732 Verwiscbung
1111 3664 1157 3718 dor
1181 3666 1238 3719 Zeit
1263 3667 1367 3719 verrdth
1390 3667 1445 3720 sich

233 3771 301 3820 ganz
321 3753 459 3807 besonders
477 3753 543 3806 auch
563 3753 589 3806 in
609 3753 657 3806 den
678 3753 719 3806 bei
737 3753 793 3806 ihm
812 3754 1025 3807 vorlrommenden
1042 3754 1179 3808 Personen.
1220 3754 1308 3807 Nennt
1325 3771 1351 3807 er
1370 3755 1445 3807 iiber·

234 3841 318 3909 haupt
341 3841 441 3909 soleba,
469 3859 498 3896 so
522 3841 580 3908 sind
604 3841 641 3896 sie
663 3841 792 3895 enlwoder
815 3842 934 3910 fingierte
959 3841 1019 3895 oder
1043 3831 1199 3895 willlrllrlicb
1228 3843 1356 3909 gow'ahlte
1383 3842 1445 3894 oder

234 3929 350 3998 typische
368 3929 429 3982 oder
447 3929 600 3998 allgemcine
618 3928 678 3982 oder
698 3929 891 3983 unbedentende
912 3929 972 3983 oder
990 3929 1035 3983 der
1046 3930 1256 3999 Vergangenlreit
1267 3923 1444 3998 angehdriga'

235 4016 411 4070 Bernhardius
429 4018 446 4070 l.
465 4035 485 4071 c.
506 4034 566 4086 pag.
586 4019 645 4072 609.
683 4018 746 4093 trlus
765 4017 848 4071 dieser
872 4019 916 4085 (sc.
936 4017 981 4070 der
997 4019 1121 4087 jiingston
1141 4017 1363 4086 Vorgangeulrcit)
1388 4021 1444 4070 ent-

233 4105 309 4158 lehnt
335 4121 362 4158 er
389 4104 619 4159 hervorstecboude
647 4105 747 4158 Numen
775 4106 815 4158 als
842 4106 931 4174 Tppen
959 4106 1001 4159 fiir
1027 4106 1174 4159 Domitiana
1202 4106 1351 4173 Regiorung
1376 4147 1408 4159 ..
1429 4099 1444 4159 ,³

234 4237 249 4269 ι.
270 4236 276 4249 .
297 4236 302 4248 .
322 4193 374 4247 und
393 4193 541 4246 beleuclrtet
559 4194 628 4247 seine
647 4193 758 4246 Theman
778 4195 827 4247 mit
846 4195 956 4263 Belegen
978 4211 1026 4248 aus
1050 4194 1119 4248 einer
1137 4193 1337 4246 anelrdotischen
1359 4185 1445 4246 Wolt'

341 4303 352 4333 ³
370 4299 424 4354 Cir.
444 4298 530 4353 Glosei
548 4299 595 4375 (Do
613 4300 728 4367 personis
746 4316 762 4353 a
780 4299 900 4354 Martiale
913 4292 1134 4367 commemoratis,
1153 4299 1216 4353 diss.
1234 4297 1352 4353 Graiisw.
1368 4300 1443 4354 1872.
