3266 4902
835 195 877 255 38

236 400 342 466 Silius
375 408 486 467 auctor
512 401 593 468 fuit,
625 403 668 468 At
697 424 760 468 non
792 403 1107 488 praetermittendum
1138 405 1262 469 videtur
1291 403 1369 468 mibi
1399 425 1471 468 esse

251 505 392 571 Tacitum
409 508 509 591 magis
532 508 571 574 de
586 508 788 592 adipiscendo
804 510 947 592 imperio,
971 510 1149 574 Iuvenalem
1171 509 1209 574 de
1225 511 1345 592 nuptiis
1361 529 1468 592 agere.

247 613 373 676 Etenim
396 613 435 677 de
457 615 663 696 pervertendo
687 613 820 680 Claudio
845 615 1016 679 Messalina
1043 615 1205 698 paulisper
1228 616 1395 692 dubitavit,
1425 615 1468 678 de

247 718 448 783 matrimonio
472 739 534 782 non
559 719 730 792 dubitavit,
760 721 855 785 immo
886 741 998 785 nornen
1030 723 1095 786 eius
1127 721 1305 804 concupivit
1336 727 1367 785 et
1393 720 1468 804 ipsa

247 823 453 888 caerimonias
470 825 666 890 celebravit.l
703 827 769 890 lam
787 846 860 892 vero
875 827 962 909 prius
980 849 1074 910 quam
1091 827 1202 892 Silium
1219 847 1286 890 eam
1307 827 1469 909 cogitasse

247 929 286 993 de
320 930 440 1012 nuptiis
474 951 512 994 ex
545 930 647 995 Taciti
682 932 785 997 verbis
817 933 924 1015 colligi
952 937 1084 1015 potesta
1133 933 1246 1015 ltaque
1276 931 1403 996 Tacitus
1436 939 1473 996 et

248 1033 407 1099 luvenalis
438 1056 501 1100 non
532 1036 579 1100 ita
608 1036 798 1120 discrepant,
832 1043 867 1102 ut
900 1037 1061 1102 contraria
1096 1038 1213 1114 dicant,
1248 1037 1302 1101 sed
1336 1037 1470 1101 Tacitus

245 1147 391 1206 accurate
414 1145 514 1204 totam
544 1163 619 1218 rem,
653 1143 815 1207 luvenalis
849 1164 944 1207 unam
979 1145 1025 1207 rei
1059 1150 1181 1225 partem
1209 1165 1265 1226 per
1296 1164 1329 1208 se
1359 1163 1468 1206 veram

247 1252 366 1309 narrat.
413 1246 510 1311 Poeta
534 1248 654 1311 scilicet
677 1268 739 1312 non
764 1256 811 1312 est
833 1269 937 1312 rerum
962 1249 1106 1331 scriptor,
1132 1249 1187 1332 qui
1211 1250 1318 1314 omnia
1341 1249 1473 1330 singula

246 1351 350 1425 refert,
384 1352 647 1433 quemadmodum
685 1354 819 1434 singulis
853 1353 1048 1436 temporibus
1081 1354 1165 1418 facta
1199 1355 1272 1420 siut.
1325 1354 1403 1416 Rem
1432 1355 1468 1417 in

246 1477 344 1518 unum
368 1456 529 1521 contrahit
551 1465 645 1540 poeta
668 1466 700 1522 et
721 1459 911 1522 adulterium
928 1458 1008 1522 illud
1024 1459 1162 1542 primurn
1178 1460 1283 1542 palam
1300 1466 1469 1542 peractum

248 1561 359 1625 miscet
381 1582 451 1625 cum
474 1564 602 1645 nuptiis.
648 1565 698 1627 Ita
722 1585 784 1629 nou
808 1565 975 1629 averitate
994 1565 1134 1642 discedit,
1158 1565 1242 1647 quod
1259 1565 1468 1630 Messalinam

247 1667 375 1748 nuptias
405 1667 548 1731 molitam
580 1689 646 1732 esse
676 1669 762 1733 dicit.
809 1669 890 1734 Nam
918 1670 976 1734 illa
1006 1671 1103 1735 totius
1126 1671 1191 1746 rei,
1223 1675 1259 1734 ut
1281 1671 1328 1734 ita
1352 1669 1470 1744 dicam,

249 1771 338 1852 origo
361 1771 429 1836 fuit.
477 1772 538 1837 llla
561 1774 643 1837 enim
667 1775 779 1840 Silium
803 1775 962 1857 corrupit3
986 1782 1018 1839 et
1040 1775 1124 1857 quod
1148 1775 1201 1839 hic
1224 1776 1408 1840 necessitate
1433 1784 1467 1839 et

249 1877 388 1958 periculo
412 1885 539 1942 coactus
561 1878 650 1955 fecit,
679 1879 773 1943 huius
805 1881 897 1962 culpa
927 1880 1013 1944 cadit
1040 1881 1074 1944 in
1098 1880 1310 1944 Messalinam.
1358 1879 1469 1955 Quare

248 1981 309 2045 Dio
333 2002 466 2066 quoque,
490 1985 544 2066 qui
568 2005 633 2048 rem
657 1985 755 2049 multo
778 1985 904 2050 brevius
927 1992 1047 2062 narrat,
1070 2007 1165 2068 quam
1186 1985 1322 2061 Tacitus,
1345 1985 1471 2050 blessa-

248 2086 347 2150 liuam
371 2089 553 2171 nuptiarum
576 2091 751 2173 principem
773 2090 870 2154 fuisse
886 2112 942 2156 suo
959 2092 1027 2156 iure
1043 2091 1167 2158 tradit.3
1207 2091 1341 2156 Videtur
1357 2097 1467 2154 autem

248 2191 366 2274 duplex
388 2192 473 2258 fama
495 2193 607 2272 fuisse;
638 2183 771 2260 alteram
802 2197 946 2279 sequitur
975 2197 1112 2272 Tacitus,
1142 2197 1275 2261 alteram
1305 2195 1469 2261 luvenalis

250 2305 281 2362 et
303 2299 372 2362 Dio.
419 2299 605 2382 Exemplum
629 2301 822 2365 simillimum
846 2301 943 2366 habes
966 2301 1038 2366 Tac.
1064 2323 1137 2366 ann.
1162 2301 1247 2368 lllV.
1271 2305 1301 2364 2.

355 2423 453 2487 Porro
487 2424 525 2488 de
553 2424 631 2506 ipsis
664 2425 861 2490 caerimoniis
891 2425 1049 2490 Iuvenalis
1079 2427 1175 2492 refert
1204 2447 1287 2490 vera.
1334 2424 1468 2490 Tacitus

249 2549 348 2610 paene
370 2527 487 2594 eisdem
511 2529 614 2594 verbis
644 2531 745 2595 utitur
775 2553 837 2596 non
868 2531 1123 2615 praetermittens
1153 2531 1269 2597 addere
1292 2532 1398 2595 omnia
1421 2530 1464 2594 ad

250 2634 345 2699 verba
368 2655 434 2698 esse
457 2635 613 2700 credenda
637 2658 829 2720 quamquam
852 2636 914 2702 fido
936 2638 1083 2704 maiora.4

356 2845 438 2898 ¹Cfr.
458 2845 517 2900 Tac.
543 2863 601 2899 ann.
621 2847 666 2900 XI.
693 2849 736 2903 26.
777 2847 907 2922 ‹Segniter
930 2862 976 2899 eae
1001 2862 1074 2899 voces
1098 2847 1225 2912 acceptae,
1250 2861 1300 2897 non
1326 2859 1412 2897 amore
1435 2845 1466 2896 in

249 2933 382 3001 maritum,
407 2933 451 2986 sed
475 2950 507 2986 ne
535 2934 615 2987 Silius
639 2951 741 2987 summa
767 2933 878 3001 adeptus
903 2937 1034 3000 sperneret
1061 2931 1206 2986 adulteram
1232 2933 1368 3001 scelusque
1396 2933 1470 2986 inter

250 3021 375 3088 ancipitia
402 3021 539 3088 probatum
567 3021 634 3074 veris
661 3038 720 3074 mox
744 3022 835 3090 pretiis
860 3021 1016 3074 aestimaret.
1054 3021 1176 3074 Nomen
1205 3023 1311 3074 tamen
1340 3021 1468 3074 matri·

250 3108 353 3163 monii
372 3109 567 3176 concupivit
585 3109 617 3163 ob
635 3109 844 3179 magnitudinem
862 3109 993 3177 infamiae,
1013 3110 1086 3163 cuius
1104 3108 1174 3176 apud
1187 3108 1308 3176 prodigos
1321 3109 1467 3162 novissima

249 3197 370 3263 voluptas
388 3199 435 3251 est.
472 3197 527 3250 Nec
545 3197 787 3266 ultra'exspectato,
806 3215 883 3266 quam
902 3197 963 3250 dum
984 3197 1102 3251 sacrificii
1121 3198 1209 3266 gratia
1222 3197 1349 3251 Claudius
1362 3196 1466 3250 Ostiam

226 3327 228 3330 .
251 3285 464 3354 proficisceretur,
483 3289 576 3339 cuncta
594 3286 746 3354 nuptiarum
765 3286 903 3340 sollemnia
921 3278 1075 3340 celebrat'

357 3391 440 3444 Ξ(111.
458 3392 493 3445 ib.
529 3437 545 3467 ‹·
565 3433 571 3445 .
592 3438 597 3450 .
617 3408 676 3444 cum
695 3391 814 3458 abrumpi
833 3391 1065 3444 dissimulationem
1085 3391 1186 3444 etiarn
1206 3389 1295 3458 Silina,
1315 3391 1368 3443 sive
1386 3389 1466 3443 fatali

251 3477 378 3547 vecordia,
397 3495 429 3532 an
448 3479 640 3532 imminentium
659 3479 830 3547 periculorum
850 3477 963 3532 remedia
981 3479 1038 3546 ipsa
1056 3478 1170 3545 pericula
1188 3481 1270 3546 ratus,
1289 3472 1417 3546 urgebat.'

358 3589 368 3620 ³
387 3585 442 3638 Cir.
461 3585 493 3639 D.
513 3584 594 3638 Cass.¹
605 3587 647 3640 60.
667 3585 709 3638 31.
747 3581 810 3660 ιΤόν
827 3604 858 3636 τε
875 3577 927 3656 γὰρ
946 3582 1039 3636 artam
1056 3577 1105 3635 adr
1124 3580 1213 3646 Γάϊον,
1238 3577 1287 3636 τὸν
1304 3583 1352 3635 τοῦ
1371 3582 1468 3636 >Selloe

252 3672 301 3724 τοῦ
318 3665 369 3724 ὑπὸ
392 3677 513 3743 Τιβερίου
533 3678 681 3744 σφαγέντος
700 3665 765 3734 deria,
787 3665 873 3742 ἄνδρα
898 3669 1043 3744 ἐγράψατο,
1068 3677 1113 3722 καὶ
1130 3669 1190 3727 roric
1208 3692 1239 3723 τε
1261 3668 1361 3742 γάμους
1385 3670 1469 3724 πολυ-

251 3759 332 3815 τελῶς
351 3759 471 3812 εἱστίασε
487 3765 532 3812 καὶ
551 3762 637 3812 οἰκίαν
656 3753 729 3826 αὐτῷ
745 3755 888 3828 βασιλικὴν
907 3765 1053 3830 ἐχαρίσατο
1075 3801 1080 3811 .
1101 3800 1106 3811 .
1127 3753 1142 3811 .'

357 3866 441 3920 *aaa
468 3863 526 3920 Tac.
550 3883 610 3920 ann.
635 3867 681 3920 XI.
707 3867 749 3921 27.
799 3865 887 3942 ‘Haud
915 3882 972 3918 sum
1000 3867 1109 3933 ignarus
1136 3865 1284 3920 fabulosum
1317 3866 1402 3919 visum
1431 3866 1469 3919 iri

251 3957 354 4008 tantum
379 3955 441 4008 ullis
465 3955 614 4008 mortalium
639 3954 787 4008 securitatis
812 3954 892 4008 fuisse
914 3954 942 4007 in
967 3955 1073 4008 civitate
1097 3954 1212 4007 omnium
1238 3971 1321 4023 gnara
1346 3958 1372 4008 et
1396 3955 1464 4007 nihil

251 4043 383 4111 reticente,
406 4042 501 4096 nedum
525 4043 655 4096 consulem
675 4043 841 4110 designatum
860 4059 917 4096 cum
943 4059 1020 4096 uxore
1038 4043 1171 4111 principis,
1195 4041 1328 4110 praedicta
1346 4042 1397 4109 die,
1416 4041 1469 4095 ad·

251 4131 351 4199 bibitis,
370 4132 415 4199 qui
434 4130 610 4201 obsignarent,
629 4131 702 4184 uelut
720 4129 940 4198 suscipiendorum
955 4131 1095 4184 liberorum
1115 4147 1193 4184 causa
1211 4131 1367 4198 convenisse,
1385 4131 1470 4197 atque

249 4219 323 4273 illam
347 4219 452 4273 audisse
475 4220 609 4287 auspicum
633 4220 721 4289 verba,
748 4219 848 4273 subisse
870 4219 1027 4288 flammeum,
1052 4219 1210 4272 sacrificasse
1228 4217 1298 4286 apud
1323 4217 1391 4287 deos,
1411 4217 1470 4270 dis—
